2210 2985
280 254 342 290 lib.
358 262 371 286 ι
382 262 410 290 3.

450 115 518 151 20

521 178 700 226 Omnibus
717 180 767 225 his
783 179 836 230 N
854 196 873 229 1
892 196 922 231 v
936 196 966 231 E
981 198 1017 232 A
1040 183 1237 244 cinguntur
1251 193 1414 239 tempora
1426 179 1478 232 V
1498 195 1518 231 1
1539 195 1621 234 ΤΤ
1634 198 1686 235 Α.
2206 196 2210 247 l

519 245 810 310 Eodemque
822 245 990 296 habitu
1003 246 1250 298 Homerus
1262 262 1288 297 a
1303 246 1423 296 Silio
1433 246 1611 298 Italico
1621 249 1932 318 describitUt3
2209 255 2210 270 ³

527 322 648 369 Atque
663 316 718 357 mc
733 322 761 358 E
768 311 845 374 [Jsto
859 314 1192 363 tendentemlzmite
1205 329 1350 359 cernens

524 376 683 438 Effigiem
698 383 837 437 juvenis
852 379 934 438 casti
947 410 961 432 ,
986 385 1039 424 cuz¹
1055 380 1105 430 V
1123 396 1140 428 1
1165 395 1196 429 T
1213 394 1244 429 T
1259 394 1294 427 A
1320 378 1460 440 ligabat

524 444 562 493 P
576 458 615 491 U
629 460 663 492 R
680 458 706 491 Ρ
722 459 759 492 U
772 459 810 491 R
826 457 856 491 Ε
869 458 906 492 Α
932 445 1048 506 effufhs
1061 460 1120 503 per
1135 450 1227 491 colla
1241 449 1397 493 nitentia
1411 446 1543 493 crines.⁴

527 507 670 571 Qos
684 509 839 557 versus
854 507 1092 575 suspestos
1102 511 1162 559 de
1175 511 1366 559 mendo
1377 510 1527 560 habui
1539 512 1728 577 semper
1742 546 1756 568 ,
1791 526 1907 562 cum
1921 512 2058 564 nulla

461 573 651 624 ratione
663 574 807 637 po'eta
818 574 981 624 noster
1000 576 1027 641 J
1044 591 1077 624 u
1089 590 1119 624 v
1133 590 1164 623 E
1179 589 1220 624 N
1241 591 1260 623 1
1283 591 1304 624 s
1326 577 1491 624 vocari
1504 573 1653 640 poffit
1669 600 1678 627 s
1715 576 1801 641 qui
1815 576 1955 626 senex
1968 577 2059 628 hu-

460 637 620 687 manis
645 636 800 685 valere
825 636 944 686 dixit
984 640 1150 696 rebuS‚
1184 642 1256 688 uti
1281 639 1480 689 Proclus
1504 642 1725 702 testatur;
1759 642 1812 688 in
1837 642 2059 692 nummis

461 701 697 752 omnibus
709 737 721 757 ‚
735 715 828 749 nec
840 717 945 750 non
958 704 1010 751 in
1023 704 1121 753 hoc
1137 715 1473 753 monumento
1486 706 1810 756 celeberrimo
1822 705 1928 754 talis
1940 720 2061 756 con-

460 765 686 831 spicitur,
725 766 775 812 ὅ(
795 766 1032 816 veteribus
1055 768 1269 830 denique
1292 782 1399 816 non
1420 769 1557 817 aliter
1581 770 1884 822 describitur„
1917 769 2059 820 Vidit

459 830 561 880 hoc
587 828 778 878 fortaffe
801 830 1064 880 Kircherus
1077 867 1090 887 ‚
1126 833 1175 879 ὅ(
1191 830 1403 879 rescribit
1431 834 1482 882 N
1496 847 1530 881 u
1541 847 1588 880 M
1602 848 1623 881 1
1637 849 1677 883 N
1695 849 1716 883 1
1729 852 1749 884 s
1761 835 1911 894 effigzem
1927 868 1940 888 ‚
1968 835 2063 897 casta

461 901 521 941 cui
552 894 634 943 sed
644 894 951 950 meliorijure
968 892 1315 959 Ampliffimus
1327 895 1560 961 idemque
1574 895 1896 948 DoCtiffimus
1909 899 2059 951 Hein-

460 959 553 1011 ssus
575 973 727 1023 quem
751 970 806 1008 ut
830 957 1153 1009 certiflimum
1180 960 1444 1008 Poetarum
1470 963 1791 1024 interpretem
1803 964 2063 1014 consulue-

462 1041 570 1138 ram
585 1060 598 1080 ‚
644 1022 792 1073 literis
813 1022 883 1073 adj
910 1039 992 1073 me
1021 1022 1347 1075 eruditissimis
1383 1023 1502 1074 datis
1515 1058 1530 1082 ‚
1564 1024 1711 1074 docet
1734 1025 1913 1077 Silium
1950 1027 2064 1079 scri-

518 1090 597 1139 ifl'e
610 1121 624 1144 ‚
1918 1089 1926 1093 ⁶
2062 1088 2065 1091 ’

463 1104 494 1154 p
529 1166 653 1213 mque
667 1153 722 1198 hic
736 1153 843 1220 Elysio
859 1155 1066 1201 tendentem
1079 1157 1194 1202 limite
1207 1169 1348 1200 cernens

455 1225 457 1228 ⁴
521 1219 677 1283 EffigIem
693 1226 838 1266 Iuvenis
850 1220 1001 1283 castam.

462 1296 600 1334 ravenn
634 1285 771 1334 enim
805 1302 914 1336 non
948 1289 1202 1338 Homerus
1240 1287 1363 1337 Silio
1377 1320 1390 1342 ‚
1428 1280 1522 1332 sed'
1535 1282 1701 1348 Scipio
1723 1285 1790 1336 est
1804 1320 1818 1342 ‚
1854 1286 1940 1350 qui
1952 1286 2056 1337 aliis

463 1348 801 1417 compluribus
814 1351 934 1400 locis
945 1352 1010 1400 ita
1023 1353 1312 1417 appellatur·5
1350 1348 1605 1410 effigiescast„z‚
1632 1347 1817 1413 effigies
1840 1349 2064 1413 sacerdo-

466 1419 527 1466 tis
540 1418 617 1467 vel
627 1414 745 1465 vatis
757 1449 771 1470 ‚
804 1430 1022 1479 quorum
1035 1429 1325 1480 perpetuum
1339 1415 1437 1464 hoc
1450 1415 1708 1479 epitheton
1723 1445 1729 1471 3
1767 1415 1817 1462 ὅς
1840 1414 1966 1476 effigies
1979 1416 2062 1466 de-

465 1483 618 1545 nique
642 1480 772 1525 umbra
795 1480 861 1529 est
874 1515 888 1536 ‚
922 1496 1025 1544 quo
1041 1480 1177 1530 sensu
1191 1480 1398 1529 eandem
1414 1493 1591 1528 vocem
1608 1479 1755 1543 paulo
1769 1480 1874 1543 post
1891 1481 2034 1530 Silius
2046 1514 2062 1537 ,

387 1566 396 1576 ·
465 1546 651 1595 Plinius
677 1543 950 1600 Secundu3‚
986 1545 1036 1592 &
1056 1545 1289 1608 Virgilius
1312 1545 1365 1593 in
1391 1543 1567 1594 Culice
1592 1543 1840 1606 usurpant.
1877 1545 1939 1593 Et
1962 1544 2064 1594 haec

385 1613 393 1622 ³
464 1610 670 1674 quidem
683 1604 927 1675 verissime
941 1607 1160 1658 Heinsius
1174 1638 1184 1669 ;
1199 1608 1277 1657 sed
1292 1620 1459 1656 tamen
1476 1607 1618 1656 Silius
1632 1608 1916 1657 Homerum
1927 1610 2065 1658 Deo-

464 1690 577 1723 rum
590 1709 603 1730 ,
639 1689 763 1734 quos
788 1688 896 1720 non
919 1673 974 1722 in
995 1684 1177 1723 tartaro
1202 1673 1283 1721 sed
1309 1672 1428 1722 caelo
1443 1706 1456 1727 ‚
1492 1672 1699 1735 exceptis
1715 1670 2034 1722 infernalibus
2045 1707 2062 1730 ‚
2098 1690 2103 1694 ¹

466 1737 692 1787 habitasse
716 1736 936 1786 constans
959 1750 1124 1786 veteru
1131 1754 1180 1787 m
1207 1737 1383 1801 opinio
1397 1735 1462 1784 est
1473 1770 1488 1790 ‚
1524 1750 1737 1784 numero
1762 1735 1953 1786 videtur
1968 1737 2063 1785 exi-

466 1818 619 1851 mere.
658 1803 718 1849 Et
732 1812 786 1850 ut
799 1800 1010 1850 breviter
1022 1801 1292 1860 obJectioni
1307 1836 1320 1856 ‚
1354 1815 1460 1863 quae
1486 1799 1683 1859 alicujus
1697 1801 1950 1850 momenti
1973 1800 2037 1849 est
2048 1834 2064 1856 ‚

467 1866 788 1928 respondeam
806 1893 815 1922 ;
851 1880 959 1914 non
972 1867 1102 1914 canit
1115 1866 1196 1914 ille
1210 1867 1489 1913 Homerum
1501 1863 1578 1912 vel
1592 1864 1810 1912 animam
1824 1866 1924 1925 ejus
1936 1864 2065 1928 apud

466 1929 648 1979 inferos
660 1928 750 1978 esse
761 1964 773 1984 ‚
787 1943 962 1979 verum
975 1930 1122 1989 effigiem
1135 1929 1229 1979 five
1243 1929 1468 1978 umbram
1483 1938 1676 1978 tantum
1689 1927 1766 1978 vel
1778 1928 2064 1994 imaginem.

466 1995 672 2044 Veteres
686 1994 823 2042 enim
835 1994 927 2043 tria
939 1995 989 2044 in
1006 1995 1212 2045 homine
1226 1990 1581 2055 distinguebant
1593 2027 1607 2048 ‚
1636 2002 1771 2051 Corpm
1785 2025 1803 2046 ,.
1819 1993 1959 2058 quod
1974 2004 2066 2041 ter-

471 2074 532 2106 rae
548 2058 806 2107 mandatur
818 2059 894 2107 vel
908 2060 1214 2110 comburitur
1236 2086 1247 2118 3
1281 2061 1449 2104 animam
1467 2088 1480 2110 ‚
1494 2072 1600 2120 quae
1612 2057 1799 2107 coelum
1812 2059 1932 2122 petit
1946 2085 1959 2118 ;
1984 2073 2069 2102 um-

417 2133 424 2141 ·
473 2124 726 2186 bra75²,quae
739 2122 866 2186 apud
880 2122 1065 2173 inferos
1078 2124 1241 2173 sedem
1257 2122 1390 2172 suam
1416 2122 1576 2172 habet.
1615 2123 1831 2172 Servius:
1871 2132 1974 2169 Nam
2000 2117 2071 2169 t'ri-

471 2190 530 2233 Ines
546 2190 742 2251 constamus
758 2217 769 2234 ,
809 2188 861 2235 A
876 2200 916 2234 N
938 2204 955 2235 Ι
977 2202 1025 2235 M
1040 2204 1076 2236 A
1090 2224 1102 2245 ‚
1139 2188 1371 2248 q'zeesupema
1387 2188 1432 2247 est
1448 2220 1461 2242 ,
1481 2191 1526 2237 (sy
1543 2191 1718 2248 originem
1725 2189 1838 2250 suam
1848 2195 1939 2247 petit
1955 2210 1965 2236 z
1992 2206 2071 2235 cor..

465 2269 574 2315 pore,
590 2255 686 2315 quod
699 2259 738 2300 m
750 2267 851 2297 terra
867 2253 979 2311 deficit
995 2273 1005 2299 z
1041 2254 1172 2298 umbra
1186 2286 1198 2306 ‚
1216 2271 1329 2312 quam
1345 2258 1528 2301 Lucretius
1532 2253 1583 2313 fic
1595 2254 1718 2314 definit
1730 2286 1743 2307 ‚
1783 2254 1814 2303 S
1828 2268 1856 2302 Ρ
1869 2269 1904 2303 0
1917 2270 1950 2304 L
1972 2271 1989 2304 1
2010 2271 2068 2305 A-

471 2336 502 2369 Τ
518 2337 550 2371 u
563 2338 582 2370 s
616 2322 656 2370 L
669 2335 702 2367 u
714 2333 763 2367 M
783 2334 800 2366 1
823 2331 863 2367 N
879 2331 909 2365 E
948 2320 999 2368 A
1015 2332 1044 2365 E
1059 2336 1110 2368 R,
1152 2330 1239 2381 Ergo
1254 2323 1385 2366 umbra
1399 2357 1411 2377 ‚
1444 2321 1474 2385 fi
1484 2337 1527 2366 ex
1537 2334 1677 2380 corpore
1691 2332 1835 2365 creatur
1851 2320 1948 2380 ‚fine
1970 2324 2075 2366 dubio

463 2391 560 2446 perit
575 2402 655 2431 cum
669 2401 705 2428 eo
720 2416 734 2437 ‚
763 2401 823 2429 nec
837 2383 884 2443 cst
898 2389 1093 2442 qmcqzsam
1108 2391 1285 2444 rclz'qumn
1298 2391 1339 2434 de
1354 2391 1497 2433 immine
1521 2389 1615 2446 quod
1627 2387 1760 2448 inferos
1769 2398 1886 2445 petat.
1924 2388 1993 2432 Sed
2008 2388 2070 2432 de.-

461 2455 700 2512 prehemz'etur
726 2451 783 2511 effe
805 2451 987 2509 quoddam
997 2451 1260 2512 fimulacrxm,
1298 2456 1394 2516 quod
1417 2455 1466 2498 ad
1479 2454 1746 2514 nostricorpom
1761 2450 1916 2513 effigiem
1931 2451 2068 2510 inferos

460 2521 571 2580 petit.
610 2528 650 2563 Et
673 2515 848 2577 eftffiecies
862 2530 1023 2574 corporea
1037 2550 1049 2570 ‚
1065 2534 1139 2576 qua
1156 2525 1346 2579 nauperes!
1361 2525 1460 2581 tangi
1474 2520 1585 2580 ‚ficut
1603 2533 1738 2563 ventus.
1775 2522 1870 2562 Hinc
1886 2519 2066 2580 insexto:

462 2585 805 2634 CORPORA
837 2582 990 2633 V1VA
1025 2584 1237 2634 NEFAS
1272 2588 1447 2636 STYG
1469 2603 1485 2635 1
1508 2602 1546 2636 A
1577 2586 1908 2636 VECTARE
1947 2585 2066 2634 CA-

468 2664 498 2698 R
522 2664 539 2697 1
561 2663 602 2697 N
616 2665 666 2699 A.
706 2656 947 2695 Hancamem
963 2665 1037 2695 rem
1052 2654 1164 2697 etiam
1187 2660 1366 2700 Homerus
1381 2656 1558 2713 reqtm'z't,
1577 2650 1777 2711 fimulazcro
1802 2653 1959 2697 Hercules
1974 2650 2071 2708 apud

636 2715 639 2722 '
1933 2713 2085 2775 inferos
