2210 2985
451 108 551 149 216

456 181 812 247 dispiciendum
839 181 1035 242 scdulo,
1072 177 1339 243 quomodo
1364 190 1552 228 corona
1564 179 1714 237 civica
1724 179 1865 245 super
1876 196 1951 233 eas
1964 191 2052 248 p0-‘

459 248 608 297 tuerit
633 248 881 311 suspendi3
919 244 1261 310 quod-sacham
1296 241 1432 292 fuisse
1454 244 1560 292 Dio
1585 257 1747 294 narrat
1773 280 1786 301 ,
1821 249 2054 312 cujusque

463 313 532 361 rei
556 312 771 377 respee’m
796 311 1005 362 Ovidius
1028 324 1137 359 eam
1152 309 1352 362 mediam,
1390 324 1437 373 q.
1457 307 1510 356 in
1526 308 1696 357 medio
1707 309 1903 362 istarum
1917 311 2057 362 arbo·

291 409 441 443 L.7.c.9.
466 392 579 426 rum
601 376 834 441 posnam,
868 375 1089 439 appellat.
1136 374 1411 426 Paschalius
1433 372 1596 422 censet
1627 387 1887 435 querceam
1914 391 2057 426 coroa

294 451 418 483 decor·
466 455 583 490 nam
606 456 710 504 quae
732 440 937 489 ornabat
959 438 1113 502 postes
1136 440 1317 489 domus
1347 437 1569 501 Augustae
1588 472 1601 494 ‚
1636 436 1778 487 lauro
1809 439 1948 490 fuisse
1970 442 2057 490 cir-

466 506 749 554 cumdatam
773 540 787 560 ‚
833 506 883 552 ὅ(
907 515 1163 568 propterea
1184 519 1294 553 eam
1321 503 1565 553 Ovidium
1593 502 1766 549 mediam
1790 504 2054 568 appellate:

467 568 607 631 quod
633 568 660 616 ἐ.
684 570 884 617 veritate
907 568 1124 616 alienum
1137 569 1281 633 plane
1294 566 1385 617 effe
1397 582 1575 616 omnes
1585 570 1806 619 austores
1817 568 2060 618 testantoer.

468 633 572 681 Dio
594 632 706 681 sane
731 634 780 681 δε
806 633 1014 683 Ovidius
1038 646 1114 680 eas
1131 632 1442 687 discernunt,
1477 632 1527 679 ὅ(
1550 634 1756 683 civicam
1787 632 2060 696 suspensam

295 718 415 753 cnud.
467 696 602 745 fuisse
616 695 876 746 clariffime
889 696 1033 745 docet
1049 697 1325 746 Suetonius.
1354 698 1481 745 Puto
1495 697 1640 760 igitur
1652 698 1712 747 ab
1726 709 1936 760 utroque
1950 711 2061 760 por-

300 777 349 822 ³⁷:
370 763 444 796 Τὼ·
469 772 527 809 tae
540 760 758 824 palatinae
772 762 918 809 latere
931 761 1089 810 laurus
1100 760 1234 810 fuisse
1249 796 1263 817 ,
1297 761 1611 822 &propterea
1627 762 1829 811 Po'etam
1844 776 1921 810 eas
1945 762 2061 826 posti-

298 822 351 843 ²‘'·
469 825 538 871 bus
551 827 739 892 Augusta
761 824 980 874 custodes
992 839 1263 888 apponere3
1302 826 1454 887 inque
1473 825 1826 894 med}0earun1
1840 825 1977 890 supra
1990 826 2065 876 fo-

468 906 540 940 res
553 893 605 940 in
620 893 787 941 fronte
799 889 977 938 aedium
991 903 1233 938 coronam
1256 889 1462 939 civicam
1485 888 1620 938 fuifle
1642 925 1656 946 ‚
1693 906 1803 941 earn
1829 892 1946 940 inde
1976 909 2062 938 me-

467 956 580 1003 diam
602 956 786 1010 vocari,
826 954 874 1001 ὅ(
900 954 1029 1002 κᾶε
1056 954 1151 1003 dici
1163 956 1286 1021 stapra
1311 956 1445 1003 laurus
1469 951 1704 1017 suspendi.
1756 956 1883 1004 Non
1920 957 2065 1020 igitur

469 1034 607 1071 erant
622 1020 822 1081 junnae,
877 1016 957 1065 sed
971 1019 1164 1079 vicinae3
1198 1022 1347 1070 altera
1360 1037 1410 1070 n.
1435 1019 1593 1067 laurus
1605 1020 1658 1067 in
1680 1031 1860 1068 terram
1885 1020 2065 1079 defixa,

466 1087 627 1135 virens
648 1120 662 1141 ‚
697 1083 914 1133 crescens
935 1117 950 1137 ‚
987 1084 1061 1132 uti
1084 1081 1346 1134 clarisfime
1381 1094 1508 1148 patet
1521 1098 1576 1131 ex
1593 1084 1747 1133 verbis
1761 1084 2067 1135 Ovidiimox

466 1149 741 1200 laudand183
777 1148 926 1197 altera
946 1161 1067 1197 Vero
1093 1150 1262 1211 parieti
1289 1147 1442 1199 affixa.
1480 1148 1555 1196 Eo
1569 1149 1826 1214 respiciens
1862 1150 2071 1215 Calpur-²

297 1204 361 1236 ω·
377 1213 408 1242 ⁷·
471 1216 579 1266 nius
590 1213 819 1265 ultimam
833 1218 1019 1259 vicinam
1031 1212 1208 1261 arborem
1220 1214 1410 1265 videtur
1422 1226 1599 1263 vocare
1613 1232 1627 1271 3

599 1309 845 1372 Mequoque
856 1304 1037 1369 facundo
1053 1317 1255 1356 comitatus
1286 1303 1467 1371 Apolline
1491 1307 1625 1368 Caefizr

601 1373 820 1437 Respiciat‚
860 1387 1001 1420 montes
1021 1392 1088 1421 nec
1112 1375 1336 1440 dedignetur
1360 1370 1468 1418 adire
1483 1402 1497 1424 ,

606 1443 712 1507 Qu
735 1440 792 1494 ὠ
817 1441 984 1487 Phoebus
1007 1455 1120 1489 amat
1136 1477 1149 1497 ‚
1182 1459 1272 1508 quos
1295 1441 1461 1507 Jupiter
1482 1439 1555 1503 ipse
1575 1453 1724 1489 tuetur:

601 1512 653 1554 In
679 1507 818 1572 quibua·
841 1509 1036 1574 Augustos
1058 1509 1275 1575 vifitraque
1287 1508 1389 1573 saepe
1412 1508 1620 1574 triumphos

601 1577 762 1622 Laurus
770 1573 994 1639 frueflificat
1010 1613 1025 1636 ,
1060 1577 1110 1628 V
1126 1591 1145 1625 I
1161 1590 1190 1625 C
1209 1589 1230 1624 1
1243 1589 1404 1638 naque
1418 1575 1585 1634 nascitur
1596 1574 1716 1623 arbos.

474 1659 582 1709 Alii
603 1669 773 1708 tamen
796 1661 933 1710 aliter
958 1661 1199 1716 sentiunt,
1237 1656 1286 1704 δί
1309 1657 1386 1707 vel
1410 1661 1652 1723 explicant
1674 1662 1734 1711 de
1757 1671 1925 1725 myrto
1947 1695 1962 1718 ,
1999 1662 2077 1711 vel

474 1724 638 1787 palma
662 1725 874 1788 conjuge
899 1744 913 1780 3
950 1725 1028 1774 vel
1054 1726 1225 1789 legunt
1249 1721 1469 1788 divinaque
1495 1726 1650 1790 (quod
1662 1725 1882 1775 defendit
1895 1726 2074 1775 Reine-

474 1785 566 1837 ssus
595 1789 648 1836 in
672 1788 811 1837 variis
824 1787 1511 1856 Lectionibus)velErycinaque.
1557 1791 1652 1840 Sed
1670 1790 1795 1839 mihi
1809 1798 1954 1837 vicina
1964 1791 2077 1838 arbor

476 1867 585 1901 non
600 1867 859 1916 nunquam
874 1853 966 1902 effe
979 1852 1229 1902 videbatur
1242 1870 1447 1917 quercus
1462 1891 1476 1912 ,
1513 1872 1570 1907 ex
1597 1870 1691 1918 qua
1706 1871 1901 1905 coronae
1916 1857 2077 1906 civicae

302 1930 458 2010 {5:51³sp
479 1915 686 2030 gebam,
720 1932 827 1980 quae
851 1929 963 1968 ante
986 1916 1115 1967 fores
1130 1918 1337 1982 Augusti
1363 1932 1501 1969 erant
1513 1921 1654 1971 lauro
1667 1922 1915 1983 proximae.
1955 1923 2077 1972 Ovi-

351 2004 356 2010 ·
389 2001 396 2010 ,
519 1996 619 2040 lus3

611 2045 775 2112 Singula
797 2046 894 2094 dum
915 2056 1038 2097 miror
1053 2082 1065 2103 ‚
1099 2046 1215 2097 video
1231 2046 1477 2115 fulgentibus
1497 2057 1620 2098 armti·

677 2114 899 2180 Conspicuos
916 2117 1053 2181 pelles,
1088 2117 1261 2182 testaque
1281 2118 1406 2183 dzgna
1428 2123 1523 2166 Deo.

611 2185 703 2234 En,
741 2181 878 2227 domm
900 2184 1009 2236 haec,
1043 2181 1126 2230 dixi
1140 2216 1153 2237 ‚
1188 2183 1322 2248 Jove's
1344 2187 1419 2248 est,
1456 2185 1561 2252 quod
1578 2198 1619 2233 ut
1640 2186 1705 2248 effi
1722 2199 1900 2253 putarem

677 2251 909 2314 Augurium
932 2258 1053 2297 menti
1089 2250 1193 2315 QU
1206 2266 1235 2299 E
1251 2266 1288 2299 R
1304 2265 1344 2299 N
1357 2268 1394 2301 A
1431 2255 1476 2304 C
1492 2267 1527 2301 O
1540 2268 1578 2302 R
1593 2268 1627 2301 O
1640 2267 1682 2303 N
1694 2268 1731 2302 A
1764 2253 1898 2302 dabat.

611 2318 732 2377 Cujus
763 2329 806 2361 ut
826 2326 949 2384 accepi
975 2318 1206 2370 dominum,
1243 2335 1318 2362 non
1331 2316 1548 2379 fallimur,
1584 2327 1776 2386 inquam,

678 2387 733 2428 Et
755 2392 896 2449 magni
917 2403 1060 2431 verum
1084 2386 1133 2447 est
1156 2385 1254 2431 hanc
1276 2383 1410 2447 Jovbs
1433 2386 1498 2448 effi
1519 2386 1692 2434 domum.

483 2447 666 2497 Eadem
691 2448 843 2513 elegia
870 2466 986 2501 mox
1010 2452 1295 2519 lauruappofita
1306 2455 1434 2501 canit
1447 2453 1602 2517 postes
1613 2454 1783 2512 velari,
1818 2455 1952 2506 &illi
1964 2456 2077 2507 civi-

484 2526 595 2571 cam
607 2512 885 2575 superponi.

615 2581 698 2623 Cur
724 2591 856 2626 tamen
893 2582 945 2632 A
961 2597 988 2630 P
1002 2596 1029 2630 P
1044 2598 1079 2632 o
1092 2598 1114 2632 S
1129 2597 1150 2632 Ι
1167 2596 1199 2631 Τ
1214 2597 1249 2630 Α
1285 2584 1442 2629 velatur
1452 2586 1584 2645 janua
1617 2583 1658 2633 L
1669 2597 1705 2632 A
1720 2601 1759 2637 U
1771 2601 1810 2638 R
1824 2602 1860 2637 o

681 2647 817 2710 Cingit
841 2650 887 2700 (ῤ’
911 2650 1113 2714 Augustas
1134 2647 1247 2698 arbor
1269 2665 1386 2716 opaca
1397 2649 1536 2715 fores?
1964 2715 2018 2765 N

750 2730 752 2733 ,
2010 2733 2082 2765 um
