<?xml version="1.0" encoding="UTF-8"?>
<!DOCTYPE html PUBLIC "-//W3C//DTD XHTML 1.0 Transitional//EN"
    "http://www.w3.org/TR/xhtml1/DTD/xhtml1-transitional.dtd">
<html xmlns="http://www.w3.org/1999/xhtml" xml:lang="en" lang="en">
 <head>
  <title>
</title>
<meta http-equiv="Content-Type" content="text/html;charset=utf-8" />
  <meta name='ocr-system' content='tesseract 3.04.00' />
  <meta name='ocr-capabilities' content='ocr_page ocr_carea ocr_par ocr_line ocrx_word'/>
</head>
<body>
  <div class='ocr_page' id='page_1' title='image "./apotheosisvelcon00cupe_0227.png"; bbox 0 0 2210 2985; ppageno 0'>
   <div class='ocr_carea' id='block_1_1' title="bbox 1604 138 1692 183">
    <p class='ocr_par' dir='ltr' id='par_1_1' title="bbox 1604 138 1692 183">
     <span class='ocr_line' id='line_1_1' title="bbox 1604 138 1692 183; baseline 0.023 -2"><span class='ocrx_word' id='word_1_1' title='bbox 1604 138 1692 183; x_wconf 83' lang='lat'>193</span> 
     </span>
    </p>
   </div>
   <div class='ocr_carea' id='block_1_2' title="bbox 18 193 1760 520">
    <p class='ocr_par' dir='ltr' id='par_1_2' title="bbox 0 193 1760 520">
     <span class='ocr_line' id='line_1_2' title="bbox 89 193 1695 262; baseline 0.004 -11.685"><span class='ocrx_word' id='word_1_2' title='bbox 89 199 143 249; x_wconf 90' lang='lat' dir='ltr'>id</span> <span class='ocrx_word' id='word_1_3' title='bbox 170 197 235 249; x_wconf 87' lang='lat' dir='ltr'>est</span> <span class='ocrx_word' id='word_1_4' title='bbox 264 196 589 262; x_wconf 71' lang='lat' dir='ltr'>sculptor-erm</span> <span class='ocrx_word' id='word_1_5' title='bbox 623 193 709 260; x_wconf 89' lang='lat' dir='ltr'>qui</span> <span class='ocrx_word' id='word_1_6' title='bbox 736 209 844 245; x_wconf 90' lang='lat' dir='ltr'>non</span> <span class='ocrx_word' id='word_1_7' title='bbox 873 193 1106 259; x_wconf 72' lang='lat' dir='ltr'>Aspasiae,</span> <span class='ocrx_word' id='word_1_8' title='bbox 1144 195 1211 246; x_wconf 87' lang='lat' dir='ltr'>ast</span> <span class='ocrx_word' id='word_1_9' title='bbox 1234 195 1475 249; x_wconf 81' lang='lat' dir='ltr'>Minerva:</span> <span class='ocrx_word' id='word_1_10' title='bbox 1497 202 1695 256; x_wconf 83' lang='lat' dir='ltr'>vultum</span> 
     </span>
     <span class='ocr_line' id='line_1_3' title="bbox 18 258 1760 329; baseline 0.002 -17"><span class='ocrx_word' id='word_1_11' title='bbox 18 296 23 302; x_wconf 82' lang='lat'><strong>·</strong></span> <span class='ocrx_word' id='word_1_12' title='bbox 85 258 567 327; x_wconf 80' lang='lat' dir='ltr'>gemmaeinsculpfit.</span> <span class='ocrx_word' id='word_1_13' title='bbox 610 261 789 323; x_wconf 86' lang='lat' dir='ltr'>Neque</span> <span class='ocrx_word' id='word_1_14' title='bbox 801 261 938 309; x_wconf 85' lang='lat' dir='ltr'>enim</span> <span class='ocrx_word' id='word_1_15' title='bbox 951 262 1064 324; x_wconf 89' lang='lat' dir='ltr'>quia</span> <span class='ocrx_word' id='word_1_16' title='bbox 1076 261 1128 310; x_wconf 87' lang='lat' dir='ltr'>in</span> <span class='ocrx_word' id='word_1_17' title='bbox 1139 261 1229 310; x_wconf 88' lang='lat' dir='ltr'>alia</span> <span class='ocrx_word' id='word_1_18' title='bbox 1241 277 1441 325; x_wconf 82' lang='lat' dir='ltr'>gemma</span> <span class='ocrx_word' id='word_1_19' title='bbox 1459 297 1473 317; x_wconf 87' lang='lat'>‚</span> <span class='ocrx_word' id='word_1_20' title='bbox 1509 267 1693 319; x_wconf 88' lang='lat' dir='ltr'>eodem</span> <span class='ocrx_word' id='word_1_21' title='bbox 1741 317 1760 329; x_wconf 40' lang='lat' dir='ltr'><em>l</em></span> 
     </span>
     <span class='ocr_line' id='line_1_4' title="bbox 85 324 1691 391; baseline 0.003 -15"><span class='ocrx_word' id='word_1_22' title='bbox 85 327 225 377; x_wconf 89' lang='lat' dir='ltr'>vultu</span> <span class='ocrx_word' id='word_1_23' title='bbox 248 325 482 379; x_wconf 87' lang='lat' dir='ltr'>notabili,</span> <span class='ocrx_word' id='word_1_24' title='bbox 518 339 554 372; x_wconf 83' lang='lat' dir='ltr'>A</span> <span class='ocrx_word' id='word_1_25' title='bbox 568 340 597 372; x_wconf 98' lang='grc'>(3</span> <span class='ocrx_word' id='word_1_26' title='bbox 612 336 648 370; x_wconf 79' lang='lat' dir='ltr'>ri</span> <span class='ocrx_word' id='word_1_27' title='bbox 665 339 692 371; x_wconf 84' lang='lat' dir='ltr'>A</span> <span class='ocrx_word' id='word_1_28' title='bbox 709 339 739 372; x_wconf 89' lang='grc'>(3</span> <span class='ocrx_word' id='word_1_29' title='bbox 753 341 789 374; x_wconf 94' lang='lat' dir='ltr'>o</span> <span class='ocrx_word' id='word_1_30' title='bbox 802 335 835 372; x_wconf 71' lang='grc' dir='ltr'>Υ</span> <span class='ocrx_word' id='word_1_31' title='bbox 868 325 1071 388; x_wconf 84' lang='lat' dir='ltr'>legitur,</span> <span class='ocrx_word' id='word_1_32' title='bbox 1107 326 1271 377; x_wconf 83' lang='lat' dir='ltr'>ambas</span> <span class='ocrx_word' id='word_1_33' title='bbox 1282 326 1342 377; x_wconf 86' lang='lat' dir='ltr'>ad</span> <span class='ocrx_word' id='word_1_34' title='bbox 1358 324 1606 391; x_wconf 74' lang='lat' dir='ltr'>Aspastam</span> <span class='ocrx_word' id='word_1_35' title='bbox 1619 347 1691 381; x_wconf 88' lang='lat' dir='ltr'>re-</span> 
     </span>
     <span class='ocr_line' id='line_1_5' title="bbox 87 387 1693 454; baseline 0.004 -15"><span class='ocrx_word' id='word_1_36' title='bbox 87 391 202 440; x_wconf 87' lang='lat' dir='ltr'>ferri</span> <span class='ocrx_word' id='word_1_37' title='bbox 227 389 405 439; x_wconf 85' lang='lat' dir='ltr'>debere</span> <span class='ocrx_word' id='word_1_38' title='bbox 427 387 670 453; x_wconf 84' lang='lat' dir='ltr'>persuasus</span> <span class='ocrx_word' id='word_1_39' title='bbox 692 391 815 438; x_wconf 79' lang='lat' dir='ltr'>sum.</span> <span class='ocrx_word' id='word_1_40' title='bbox 852 387 996 454; x_wconf 79' lang='lat' dir='ltr'>Qn</span> <span class='ocrx_word' id='word_1_41' title='bbox 1019 392 1181 454; x_wconf 89' lang='lat' dir='ltr'>potius</span> <span class='ocrx_word' id='word_1_42' title='bbox 1215 404 1242 436; x_wconf 85' lang='lat' dir='ltr'>A</span> <span class='ocrx_word' id='word_1_43' title='bbox 1257 406 1288 440; x_wconf 90' lang='grc'>(3</span> <span class='ocrx_word' id='word_1_44' title='bbox 1303 404 1335 438; x_wconf 78' lang='grc' dir='ltr'><strong>Π</strong></span> <span class='ocrx_word' id='word_1_45' title='bbox 1357 409 1380 437; x_wconf 57' lang='grc' dir='ltr'>Α</span> <span class='ocrx_word' id='word_1_46' title='bbox 1400 407 1430 440; x_wconf 90' lang='grc'>(3</span> <span class='ocrx_word' id='word_1_47' title='bbox 1447 405 1479 439; x_wconf 92' lang='lat' dir='ltr'>o</span> <span class='ocrx_word' id='word_1_48' title='bbox 1497 404 1528 439; x_wconf 78' lang='grc' dir='ltr'>Υ</span> <span class='ocrx_word' id='word_1_49' title='bbox 1564 395 1693 446; x_wconf 82' lang='lat' dir='ltr'>mihi</span> 
     </span>
     <span class='ocr_line' id='line_1_6' title="bbox 30 451 1690 520; baseline 0.003 -17"><span class='ocrx_word' id='word_1_50' title='bbox 30 466 32 469; x_wconf 79' lang='grc'>’</span> <span class='ocrx_word' id='word_1_51' title='bbox 86 451 262 505; x_wconf 85' lang='lat' dir='ltr'>itidem</span> <span class='ocrx_word' id='word_1_52' title='bbox 297 469 489 505; x_wconf 86' lang='lat' dir='ltr'>nomen</span> <span class='ocrx_word' id='word_1_53' title='bbox 521 453 715 504; x_wconf 83' lang='lat' dir='ltr'>artificis</span> <span class='ocrx_word' id='word_1_54' title='bbox 749 455 854 513; x_wconf 77' lang='lat' dir='ltr'>cst3</span> <span class='ocrx_word' id='word_1_55' title='bbox 889 455 1054 518; x_wconf 83' lang='lat' dir='ltr'>galea,</span> <span class='ocrx_word' id='word_1_56' title='bbox 1091 455 1244 512; x_wconf 84' lang='lat' dir='ltr'>hasta,</span> <span class='ocrx_word' id='word_1_57' title='bbox 1280 457 1329 504; x_wconf 78' lang='grc' dir='ltr'>ὅ(</span> <span class='ocrx_word' id='word_1_58' title='bbox 1353 458 1460 520; x_wconf 80' lang='lat' dir='ltr'>aegis</span> <span class='ocrx_word' id='word_1_59' title='bbox 1486 459 1690 510; x_wconf 79' lang='lat' dir='ltr'>suadent</span> 
     </span>
    </p>
   </div>
   <div class='ocr_carea' id='block_1_3' title="bbox 0 506 1687 586">
    <p class='ocr_par' dir='ltr' id='par_1_3' title="bbox 0 506 1687 586">
     <span class='ocr_line' id='line_1_7' title="bbox 0 506 1687 586; baseline 0.002 -17"><span class='ocrx_word' id='word_1_60' title='bbox 0 506 22 528; x_wconf 80' lang='grc' dir='ltr'> </span> <span class='ocrx_word' id='word_1_61' title='bbox 84 519 325 569; x_wconf 68' lang='lat' dir='ltr'>Minervae</span> <span class='ocrx_word' id='word_1_62' title='bbox 350 519 477 569; x_wconf 73' lang='lat' dir='ltr'>lianc</span> <span class='ocrx_word' id='word_1_63' title='bbox 500 517 861 578; x_wconf 55' lang='lat' dir='ltr'>wwplw‘cffoe</span> <span class='ocrx_word' id='word_1_64' title='bbox 900 520 1068 578; x_wconf 80' lang='lat' dir='ltr'>utiam</span> <span class='ocrx_word' id='word_1_65' title='bbox 1081 534 1187 569; x_wconf 88' lang='lat' dir='ltr'>non</span> <span class='ocrx_word' id='word_1_66' title='bbox 1203 521 1391 577; x_wconf 83' lang='lat' dir='ltr'>dicam,</span> <span class='ocrx_word' id='word_1_67' title='bbox 1428 537 1687 586; x_wconf 87' lang='lat' dir='ltr'>nunquam</span> 
     </span>
    </p>
   </div>
   <div class='ocr_carea' id='block_1_4' title="bbox 17 582 1691 719">
    <p class='ocr_par' dir='ltr' id='par_1_4' title="bbox 17 582 1691 719">
     <span class='ocr_line' id='line_1_8' title="bbox 87 582 1690 650; baseline 0.003 -17"><span class='ocrx_word' id='word_1_68' title='bbox 87 582 336 646; x_wconf 81' lang='lat' dir='ltr'>Aspafiam</span> <span class='ocrx_word' id='word_1_69' title='bbox 366 587 555 631; x_wconf 66' lang='lat' dir='ltr'>A’&#39;wxavv</span> <span class='ocrx_word' id='word_1_70' title='bbox 583 583 812 646; x_wconf 86' lang='lat' dir='ltr'>appellari</span> <span class='ocrx_word' id='word_1_71' title='bbox 838 583 866 632; x_wconf 76' lang='lat' dir='ltr'>a</span> <span class='ocrx_word' id='word_1_72' title='bbox 889 583 1160 642; x_wconf 68' lang='lat' dir='ltr'>veteribus3</span> <span class='ocrx_word' id='word_1_73' title='bbox 1197 585 1486 648; x_wconf 76' lang='lat' dir='ltr'>&amp;inpriore</span> <span class='ocrx_word' id='word_1_74' title='bbox 1499 589 1690 650; x_wconf 81' lang='lat' dir='ltr'>galeam</span> 
     </span>
     <span class='ocr_line' id='line_1_9' title="bbox 17 646 1691 719; baseline 0.004 -24"><span class='ocrx_word' id='word_1_75' title='bbox 17 680 21 682; x_wconf 92' lang='lat'><em>-</em></span> <span class='ocrx_word' id='word_1_76' title='bbox 86 649 477 719; x_wconf 79' lang='lat' dir='ltr'>ornarigryphe‚</span> <span class='ocrx_word' id='word_1_77' title='bbox 502 648 641 713; x_wconf 87' lang='lat' dir='ltr'>quod</span> <span class='ocrx_word' id='word_1_78' title='bbox 653 646 1066 710; x_wconf 77' lang='lat' dir='ltr'>animalejusdem</span> <span class='ocrx_word' id='word_1_79' title='bbox 1081 647 1178 696; x_wconf 79' lang='lat' dir='ltr'>deae</span> <span class='ocrx_word' id='word_1_80' title='bbox 1188 649 1332 712; x_wconf 80' lang='lat' dir='ltr'>galea:</span> <span class='ocrx_word' id='word_1_81' title='bbox 1346 650 1691 703; x_wconf 82' lang='lat' dir='ltr'>tribuitPausa·</span> 
     </span>
    </p>
   </div>
   <div class='ocr_carea' id='block_1_5' title="bbox 6 715 198 760">
    <p class='ocr_par' dir='ltr' id='par_1_5' title="bbox 6 715 198 760">
     <span class='ocr_line' id='line_1_10' title="bbox 6 715 198 760; baseline 0 -1"><span class='ocrx_word' id='word_1_82' title='bbox 6 715 7 719; x_wconf 77' lang='grc'>’</span> <span class='ocrx_word' id='word_1_83' title='bbox 81 725 198 760; x_wconf 80' lang='lat' dir='ltr'>nias,</span> 
     </span>
    </p>
   </div>
   <div class='ocr_carea' id='block_1_6' title="bbox 0 775 1729 2634">
    <p class='ocr_par' dir='ltr' id='par_1_6' title="bbox 0 775 1688 1544">
     <span class='ocr_line' id='line_1_11' title="bbox 0 775 1688 841; baseline 0.003 -17"><span class='ocrx_word' id='word_1_84' title='bbox 0 805 3 809; x_wconf 58' lang='lat'>&gt;</span> <span class='ocrx_word' id='word_1_85' title='bbox 140 775 260 841; x_wconf 88' lang='lat' dir='ltr'>Jam</span> <span class='ocrx_word' id='word_1_86' title='bbox 284 776 437 825; x_wconf 88' lang='lat' dir='ltr'>finem</span> <span class='ocrx_word' id='word_1_87' title='bbox 463 776 776 839; x_wconf 82' lang='lat' dir='ltr'>explicationi</span> <span class='ocrx_word' id='word_1_88' title='bbox 799 776 1061 824; x_wconf 83' lang='lat' dir='ltr'>marmoris</span> <span class='ocrx_word' id='word_1_89' title='bbox 1084 776 1396 839; x_wconf 84' lang='lat' dir='ltr'><strong>imponerem</strong></span> <span class='ocrx_word' id='word_1_90' title='bbox 1413 810 1426 832; x_wconf 82' lang='lat'>‚</span> <span class='ocrx_word' id='word_1_91' title='bbox 1459 776 1546 827; x_wconf 83' lang='lat' dir='ltr'>nisi</span> <span class='ocrx_word' id='word_1_92' title='bbox 1570 794 1688 830; x_wconf 85' lang='lat' dir='ltr'>cum</span> 
     </span>
     <span class='ocr_line' id='line_1_12' title="bbox 3 839 1687 905; baseline 0.003 -17"><span class='ocrx_word' id='word_1_93' title='bbox 3 854 5 856; x_wconf 87' lang='grc'><strong><em>·</em></strong></span> <span class='ocrx_word' id='word_1_94' title='bbox 83 854 195 888; x_wconf 84' lang='lat' dir='ltr'>eam</span> <span class='ocrx_word' id='word_1_95' title='bbox 211 840 522 905; x_wconf 77' lang='lat' dir='ltr'>typographo</span> <span class='ocrx_word' id='word_1_96' title='bbox 541 841 798 889; x_wconf 78' lang='lat' dir='ltr'>traditurus</span> <span class='ocrx_word' id='word_1_97' title='bbox 812 855 945 889; x_wconf 86' lang='lat' dir='ltr'>eram</span> <span class='ocrx_word' id='word_1_98' title='bbox 961 875 974 895; x_wconf 89' lang='lat'><em>‚</em></span> <span class='ocrx_word' id='word_1_99' title='bbox 1012 839 1070 888; x_wconf 88' lang='lat' dir='ltr'>ad</span> <span class='ocrx_word' id='word_1_100' title='bbox 1086 856 1168 889; x_wconf 86' lang='lat' dir='ltr'>me</span> <span class='ocrx_word' id='word_1_101' title='bbox 1185 841 1351 890; x_wconf 86' lang='lat' dir='ltr'>forent</span> <span class='ocrx_word' id='word_1_102' title='bbox 1363 844 1512 892; x_wconf 78' lang='lat' dir='ltr'>allata:</span> <span class='ocrx_word' id='word_1_103' title='bbox 1528 845 1687 893; x_wconf 88' lang='lat' dir='ltr'>erudi-</span> 
     </span>
     <span class='ocr_line' id='line_1_13' title="bbox 81 900 1682 968; baseline 0.003 -17"><span class='ocrx_word' id='word_1_104' title='bbox 81 900 274 953; x_wconf 70' lang='lat' dir='ltr'>tiffimae</span> <span class='ocrx_word' id='word_1_105' title='bbox 289 906 338 952; x_wconf 72' lang='grc' dir='ltr'>ὅ(</span> <span class='ocrx_word' id='word_1_106' title='bbox 350 901 710 953; x_wconf 77' lang='lat' dir='ltr'>humaniffima:</span> <span class='ocrx_word' id='word_1_107' title='bbox 728 905 898 953; x_wconf 81' lang='lat' dir='ltr'>litterae</span> <span class='ocrx_word' id='word_1_108' title='bbox 910 906 958 954; x_wconf 91' lang='lat' dir='ltr'>N</span> <span class='ocrx_word' id='word_1_109' title='bbox 964 901 1219 954; x_wconf 79' lang='lat' dir='ltr'>obiliffimi</span> <span class='ocrx_word' id='word_1_110' title='bbox 1234 907 1338 956; x_wconf 87' lang='lat' dir='ltr'>Viri</span> <span class='ocrx_word' id='word_1_111' title='bbox 1353 942 1367 962; x_wconf 88' lang='lat'><em>‚</em></span> <span class='ocrx_word' id='word_1_112' title='bbox 1403 908 1450 955; x_wconf 75' lang='grc' dir='ltr'>ὅ(</span> <span class='ocrx_word' id='word_1_113' title='bbox 1465 907 1602 968; x_wconf 80' lang='lat' dir='ltr'>gestis</span> <span class='ocrx_word' id='word_1_114' title='bbox 1616 908 1682 956; x_wconf 87' lang='lat' dir='ltr'>lc-</span> 
     </span>
     <span class='ocr_line' id='line_1_14' title="bbox 72 967 1686 1032; baseline 0.003 -17"><span class='ocrx_word' id='word_1_115' title='bbox 72 969 363 1031; x_wconf 11' lang='lat' dir='ltr'>*gationibus</span> <span class='ocrx_word' id='word_1_116' title='bbox 387 982 624 1032; x_wconf 81' lang='lat' dir='ltr'>perquam</span> <span class='ocrx_word' id='word_1_117' title='bbox 657 968 874 1023; x_wconf 76' lang='lat' dir='ltr'>illustriS,</span> <span class='ocrx_word' id='word_1_118' title='bbox 912 967 1179 1018; x_wconf 71' lang='lat' dir='ltr'>Ezechielis</span> <span class='ocrx_word' id='word_1_119' title='bbox 1205 971 1505 1032; x_wconf 83' lang='lat' dir='ltr'>Spanhemii.</span> <span class='ocrx_word' id='word_1_120' title='bbox 1546 972 1686 1020; x_wconf 84' lang='lat' dir='ltr'>Cum</span> 
     </span>
     <span class='ocr_line' id='line_1_15' title="bbox 84 1031 1686 1095; baseline 0.002 -15"><span class='ocrx_word' id='word_1_121' title='bbox 84 1045 250 1080; x_wconf 84' lang='lat' dir='ltr'>autem</span> <span class='ocrx_word' id='word_1_122' title='bbox 288 1033 313 1081; x_wconf 75' lang='lat' dir='ltr'>a</span> <span class='ocrx_word' id='word_1_123' title='bbox 348 1043 449 1080; x_wconf 81' lang='lat' dir='ltr'>tam</span> <span class='ocrx_word' id='word_1_124' title='bbox 474 1032 700 1095; x_wconf 79' lang='lat' dir='ltr'>praeclaro</span> <span class='ocrx_word' id='word_1_125' title='bbox 724 1032 930 1094; x_wconf 77' lang='lat' dir='ltr'>Ingenio</span> <span class='ocrx_word' id='word_1_126' title='bbox 953 1047 1060 1081; x_wconf 87' lang='lat' dir='ltr'>non</span> <span class='ocrx_word' id='word_1_127' title='bbox 1084 1032 1172 1081; x_wconf 67' lang='lat' dir='ltr'>nisi</span> <span class='ocrx_word' id='word_1_128' title='bbox 1196 1031 1471 1084; x_wconf 66' lang='lat' dir='ltr'>doffiflima</span> <span class='ocrx_word' id='word_1_129' title='bbox 1497 1035 1686 1084; x_wconf 86' lang='lat' dir='ltr'>soleant</span> 
     </span>
     <span class='ocr_line' id='line_1_16' title="bbox 79 1096 1684 1163; baseline 0.002 -19"><span class='ocrx_word' id='word_1_130' title='bbox 79 1096 347 1160; x_wconf 79' lang='lat' dir='ltr'>proficisci,</span> <span class='ocrx_word' id='word_1_131' title='bbox 384 1097 553 1159; x_wconf 88' lang='lat' dir='ltr'>parili,</span> <span class='ocrx_word' id='word_1_132' title='bbox 580 1096 781 1152; x_wconf 58' lang='lat' dir='ltr'>Lector,</span> <span class='ocrx_word' id='word_1_133' title='bbox 805 1111 1006 1146; x_wconf 87' lang='lat' dir='ltr'>mecum</span> <span class='ocrx_word' id='word_1_134' title='bbox 1019 1096 1245 1146; x_wconf 82' lang='lat' dir='ltr'>aviditate</span> <span class='ocrx_word' id='word_1_135' title='bbox 1260 1100 1550 1160; x_wconf 80' lang='lat' dir='ltr'>cognosces,</span> <span class='ocrx_word' id='word_1_136' title='bbox 1576 1115 1684 1163; x_wconf 82' lang='lat' dir='ltr'>quae</span> 
     </span>
     <span class='ocr_line' id='line_1_17' title="bbox 77 1159 1681 1213; baseline 0.003 -4"><span class='ocrx_word' id='word_1_137' title='bbox 77 1159 399 1209; x_wconf 84' lang='lat' dir='ltr'>elucidationi</span> <span class='ocrx_word' id='word_1_138' title='bbox 423 1161 698 1208; x_wconf 86' lang='lat' dir='ltr'>Homericae</span> <span class='ocrx_word' id='word_1_139' title='bbox 721 1160 1101 1209; x_wconf 82' lang='lat' dir='ltr'>consecrationis</span> <span class='ocrx_word' id='word_1_140' title='bbox 1124 1162 1407 1211; x_wconf 80' lang='lat' dir='ltr'>inserviunt.</span> <span class='ocrx_word' id='word_1_141' title='bbox 1446 1163 1582 1212; x_wconf 88' lang='lat' dir='ltr'>Male</span> <span class='ocrx_word' id='word_1_142' title='bbox 1597 1164 1681 1213; x_wconf 85' lang='lat' dir='ltr'>sci-</span> 
     </span>
     <span class='ocr_line' id='line_1_18' title="bbox 14 1223 1677 1290; baseline 0.004 -19"><span class='ocrx_word' id='word_1_143' title='bbox 14 1228 19 1232; x_wconf 77' lang='grc'><strong>“</strong></span> <span class='ocrx_word' id='word_1_144' title='bbox 79 1223 194 1273; x_wconf 86' lang='lat' dir='ltr'>licet</span> <span class='ocrx_word' id='word_1_145' title='bbox 218 1239 300 1273; x_wconf 89' lang='lat' dir='ltr'>me</span> <span class='ocrx_word' id='word_1_146' title='bbox 327 1224 533 1273; x_wconf 82' lang='lat' dir='ltr'>habebat</span> <span class='ocrx_word' id='word_1_147' title='bbox 555 1224 629 1272; x_wconf 84' lang='lat' dir='ltr'>vir</span> <span class='ocrx_word' id='word_1_148' title='bbox 653 1225 871 1284; x_wconf 71' lang='lat' dir='ltr'>palliatus</span> <span class='ocrx_word' id='word_1_149' title='bbox 894 1239 1047 1288; x_wconf 82' lang='lat' dir='ltr'>prope</span> <span class='ocrx_word' id='word_1_150' title='bbox 1071 1237 1268 1275; x_wconf 88' lang='lat' dir='ltr'>antrum</span> <span class='ocrx_word' id='word_1_151' title='bbox 1294 1225 1677 1290; x_wconf 75' lang='lat' dir='ltr'>baliimpofitus;</span> 
     </span>
     <span class='ocr_line' id='line_1_19' title="bbox 77 1288 1682 1352; baseline 0.002 -15"><span class='ocrx_word' id='word_1_152' title='bbox 77 1289 242 1338; x_wconf 89' lang='lat' dir='ltr'>virum</span> <span class='ocrx_word' id='word_1_153' title='bbox 270 1291 544 1337; x_wconf 85' lang='lat' dir='ltr'>maximum</span> <span class='ocrx_word' id='word_1_154' title='bbox 572 1289 621 1335; x_wconf 78' lang='grc' dir='ltr'>ὅ(</span> <span class='ocrx_word' id='word_1_155' title='bbox 647 1289 700 1336; x_wconf 87' lang='lat' dir='ltr'>in</span> <span class='ocrx_word' id='word_1_156' title='bbox 727 1288 824 1336; x_wconf 82' lang='lat' dir='ltr'>hoc</span> <span class='ocrx_word' id='word_1_157' title='bbox 847 1288 1118 1337; x_wconf 85' lang='lat' dir='ltr'>studiorum</span> <span class='ocrx_word' id='word_1_158' title='bbox 1140 1304 1320 1352; x_wconf 80' lang='lat' dir='ltr'>genere</span> <span class='ocrx_word' id='word_1_159' title='bbox 1341 1292 1608 1341; x_wconf 83' lang='lat' dir='ltr'>exercitum</span> <span class='ocrx_word' id='word_1_160' title='bbox 1621 1294 1682 1341; x_wconf 87' lang='lat' dir='ltr'>ad</span> 
     </span>
     <span class='ocr_line' id='line_1_20' title="bbox 75 1349 1678 1418; baseline 0.004 -18"><span class='ocrx_word' id='word_1_161' title='bbox 75 1353 369 1402; x_wconf 83' lang='lat' dir='ltr'>miraculum</span> <span class='ocrx_word' id='word_1_162' title='bbox 393 1349 543 1415; x_wconf 83' lang='lat' dir='ltr'>usque</span> <span class='ocrx_word' id='word_1_163' title='bbox 557 1353 809 1406; x_wconf 73' lang='lat' dir='ltr'>consului,</span> <span class='ocrx_word' id='word_1_164' title='bbox 847 1363 991 1414; x_wconf 86' lang='lat' dir='ltr'>atque</span> <span class='ocrx_word' id='word_1_165' title='bbox 1005 1353 1248 1411; x_wconf 81' lang='lat' dir='ltr'>ejusmodi</span> <span class='ocrx_word' id='word_1_166' title='bbox 1261 1353 1546 1418; x_wconf 82' lang='lat' dir='ltr'>responsum</span> <span class='ocrx_word' id='word_1_167' title='bbox 1563 1356 1678 1406; x_wconf 85' lang='lat' dir='ltr'>tuli:</span> 
     </span>
     <span class='ocr_line' id='line_1_21' title="bbox 73 1414 1680 1481; baseline 0.004 -16"><span class='ocrx_word' id='word_1_168' title='bbox 73 1449 106 1473; x_wconf 87' lang='lat'>‚‚</span> <span class='ocrx_word' id='word_1_169' title='bbox 121 1416 278 1480; x_wconf 85' lang='lat' dir='ltr'>Qod</span> <span class='ocrx_word' id='word_1_170' title='bbox 301 1427 467 1465; x_wconf 86' lang='lat' dir='ltr'>autem</span> <span class='ocrx_word' id='word_1_171' title='bbox 491 1427 635 1465; x_wconf 89' lang='lat' dir='ltr'>tuum</span> <span class='ocrx_word' id='word_1_172' title='bbox 659 1415 720 1463; x_wconf 83' lang='lat' dir='ltr'>de</span> <span class='ocrx_word' id='word_1_173' title='bbox 745 1416 851 1465; x_wconf 88' lang='lat' dir='ltr'>viro</span> <span class='ocrx_word' id='word_1_174' title='bbox 876 1416 967 1464; x_wconf 91' lang='lat' dir='ltr'>illo</span> <span class='ocrx_word' id='word_1_175' title='bbox 981 1414 1073 1464; x_wconf 82' lang='lat' dir='ltr'>basi</span> <span class='ocrx_word' id='word_1_176' title='bbox 1088 1432 1240 1481; x_wconf 84' lang='lat' dir='ltr'>prope</span> <span class='ocrx_word' id='word_1_177' title='bbox 1255 1418 1680 1471; x_wconf 81' lang='lat' dir='ltr'>antruminsisten-</span> 
     </span>
     <span class='ocr_line' id='line_1_22' title="bbox 13 1479 1681 1544; baseline 0.004 -16"><span class='ocrx_word' id='word_1_178' title='bbox 13 1533 16 1537; x_wconf 77' lang='lat'>.</span> <span class='ocrx_word' id='word_1_179' title='bbox 73 1491 168 1537; x_wconf 87' lang='lat' dir='ltr'>„te</span> <span class='ocrx_word' id='word_1_180' title='bbox 187 1515 201 1536; x_wconf 87' lang='lat'>‚</span> <span class='ocrx_word' id='word_1_181' title='bbox 239 1482 289 1529; x_wconf 66' lang='grc' dir='ltr'>ὅ(</span> <span class='ocrx_word' id='word_1_182' title='bbox 311 1481 398 1544; x_wconf 88' lang='lat' dir='ltr'>qui</span> <span class='ocrx_word' id='word_1_183' title='bbox 421 1479 511 1528; x_wconf 88' lang='lat' dir='ltr'>tibi</span> <span class='ocrx_word' id='word_1_184' title='bbox 536 1515 549 1535; x_wconf 91' lang='lat'>‚</span> <span class='ocrx_word' id='word_1_185' title='bbox 585 1490 640 1528; x_wconf 91' lang='lat' dir='ltr'>ut</span> <span class='ocrx_word' id='word_1_186' title='bbox 664 1480 730 1528; x_wconf 87' lang='lat' dir='ltr'>ais</span> <span class='ocrx_word' id='word_1_187' title='bbox 755 1513 767 1534; x_wconf 90' lang='lat'>,</span> <span class='ocrx_word' id='word_1_188' title='bbox 805 1495 1003 1528; x_wconf 87' lang='lat' dir='ltr'>crucem</span> <span class='ocrx_word' id='word_1_189' title='bbox 1027 1480 1133 1543; x_wconf 80' lang='lat' dir='ltr'>figit</span> <span class='ocrx_word' id='word_1_190' title='bbox 1159 1517 1172 1537; x_wconf 88' lang='lat'>‚</span> <span class='ocrx_word' id='word_1_191' title='bbox 1208 1481 1446 1540; x_wconf 87' lang='lat' dir='ltr'>judicium</span> <span class='ocrx_word' id='word_1_192' title='bbox 1471 1483 1531 1531; x_wconf 86' lang='lat' dir='ltr'>ad</span> <span class='ocrx_word' id='word_1_193' title='bbox 1555 1484 1681 1535; x_wconf 83' lang='lat' dir='ltr'>arbi·</span> 
     </span>
    </p>

    <p class='ocr_par' dir='ltr' id='par_1_7' title="bbox 8 1542 1729 2634">
     <span class='ocr_line' id='line_1_23' title="bbox 73 1542 1676 1611; baseline 0.004 -20"><span class='ocrx_word' id='word_1_194' title='bbox 73 1545 274 1601; x_wconf 88' lang='lat' dir='ltr'>„trium</span> <span class='ocrx_word' id='word_1_195' title='bbox 298 1559 470 1593; x_wconf 88' lang='lat' dir='ltr'>meum</span> <span class='ocrx_word' id='word_1_196' title='bbox 496 1542 677 1598; x_wconf 67' lang='lat' dir='ltr'>desem,</span> <span class='ocrx_word' id='word_1_197' title='bbox 712 1545 763 1592; x_wconf 89' lang='lat' dir='ltr'>in</span> <span class='ocrx_word' id='word_1_198' title='bbox 789 1559 853 1592; x_wconf 89' lang='lat' dir='ltr'>eo</span> <span class='ocrx_word' id='word_1_199' title='bbox 875 1545 1065 1593; x_wconf 87' lang='lat' dir='ltr'>utinam</span> <span class='ocrx_word' id='word_1_200' title='bbox 1085 1545 1432 1595; x_wconf 73' lang='lat' dir='ltr'>voluntatituae</span> <span class='ocrx_word' id='word_1_201' title='bbox 1445 1547 1647 1611; x_wconf 87' lang='lat' dir='ltr'>obsequi</span> <span class='ocrx_word' id='word_1_202' title='bbox 1663 1584 1676 1605; x_wconf 86' lang='lat'>‚</span> 
     </span>
     <span class='ocr_line' id='line_1_24' title="bbox 71 1605 1679 1671; baseline 0.002 -15"><span class='ocrx_word' id='word_1_203' title='bbox 71 1619 204 1664; x_wconf 89' lang='lat' dir='ltr'>„aut</span> <span class='ocrx_word' id='word_1_204' title='bbox 237 1607 585 1671; x_wconf 66' lang='lat' dir='ltr'>exspectationi</span> <span class='ocrx_word' id='word_1_205' title='bbox 615 1605 879 1656; x_wconf 76' lang='lat' dir='ltr'>satisfacere</span> <span class='ocrx_word' id='word_1_206' title='bbox 907 1609 1033 1656; x_wconf 90' lang='lat' dir='ltr'>mihi</span> <span class='ocrx_word' id='word_1_207' title='bbox 1057 1609 1237 1657; x_wconf 88' lang='lat' dir='ltr'>liceret.</span> <span class='ocrx_word' id='word_1_208' title='bbox 1275 1609 1464 1659; x_wconf 88' lang='lat' dir='ltr'>Verum</span> <span class='ocrx_word' id='word_1_209' title='bbox 1489 1627 1605 1660; x_wconf 86' lang='lat' dir='ltr'>cum</span> <span class='ocrx_word' id='word_1_210' title='bbox 1628 1613 1679 1661; x_wconf 73' lang='grc' dir='ltr'>ὅ(</span> 
     </span>
     <span class='ocr_line' id='line_1_25' title="bbox 73 1671 1677 1734; baseline 0.002 -13"><span class='ocrx_word' id='word_1_211' title='bbox 73 1705 106 1728; x_wconf 86' lang='grc'>,,</span> <span class='ocrx_word' id='word_1_212' title='bbox 120 1672 218 1721; x_wconf 86' lang='lat' dir='ltr'>alio</span> <span class='ocrx_word' id='word_1_213' title='bbox 231 1706 244 1729; x_wconf 91' lang='lat'><em>‚</em></span> <span class='ocrx_word' id='word_1_214' title='bbox 259 1683 370 1721; x_wconf 87' lang='lat' dir='ltr'>tum</span> <span class='ocrx_word' id='word_1_215' title='bbox 384 1672 433 1718; x_wconf 68' lang='grc' dir='ltr'>ὅ(</span> <span class='ocrx_word' id='word_1_216' title='bbox 447 1671 549 1720; x_wconf 87' lang='lat' dir='ltr'>hoc</span> <span class='ocrx_word' id='word_1_217' title='bbox 560 1681 672 1718; x_wconf 83' lang='lat' dir='ltr'>ante</span> <span class='ocrx_word' id='word_1_218' title='bbox 684 1672 856 1720; x_wconf 86' lang='lat' dir='ltr'>omnia</span> <span class='ocrx_word' id='word_1_219' title='bbox 868 1672 1120 1734; x_wconf 84' lang='lat' dir='ltr'>cupiditati</span> <span class='ocrx_word' id='word_1_220' title='bbox 1133 1672 1222 1722; x_wconf 87' lang='lat' dir='ltr'>hac</span> <span class='ocrx_word' id='word_1_221' title='bbox 1235 1674 1287 1722; x_wconf 94' lang='lat' dir='ltr'>in</span> <span class='ocrx_word' id='word_1_222' title='bbox 1299 1688 1350 1721; x_wconf 86' lang='lat' dir='ltr'>re</span> <span class='ocrx_word' id='word_1_223' title='bbox 1363 1689 1482 1723; x_wconf 79' lang='lat' dir='ltr'>meae</span> <span class='ocrx_word' id='word_1_224' title='bbox 1495 1675 1677 1725; x_wconf 78' lang='lat' dir='ltr'>obfuis-</span> 
     </span>
     <span class='ocr_line' id='line_1_26' title="bbox 71 1733 1673 1798; baseline 0.004 -15"><span class='ocrx_word' id='word_1_225' title='bbox 71 1769 105 1794; x_wconf 89' lang='lat'>„</span> <span class='ocrx_word' id='word_1_226' title='bbox 119 1737 168 1784; x_wconf 87' lang='lat' dir='ltr'>se</span> <span class='ocrx_word' id='word_1_227' title='bbox 179 1771 193 1791; x_wconf 86' lang='lat'><em>‚</em></span> <span class='ocrx_word' id='word_1_228' title='bbox 230 1738 452 1798; x_wconf 87' lang='lat' dir='ltr'>meisque</span> <span class='ocrx_word' id='word_1_229' title='bbox 464 1735 525 1783; x_wconf 88' lang='lat' dir='ltr'>ad</span> <span class='ocrx_word' id='word_1_230' title='bbox 539 1746 587 1782; x_wconf 88' lang='lat' dir='ltr'>te</span> <span class='ocrx_word' id='word_1_231' title='bbox 598 1733 772 1783; x_wconf 85' lang='lat' dir='ltr'>litteris</span> <span class='ocrx_word' id='word_1_232' title='bbox 784 1749 934 1785; x_wconf 85' lang='lat' dir='ltr'>unam</span> <span class='ocrx_word' id='word_1_233' title='bbox 949 1736 1066 1785; x_wconf 90' lang='lat' dir='ltr'>inde</span> <span class='ocrx_word' id='word_1_234' title='bbox 1077 1749 1274 1786; x_wconf 85' lang='lat' dir='ltr'>moram</span> <span class='ocrx_word' id='word_1_235' title='bbox 1291 1737 1499 1787; x_wconf 86' lang='lat' dir='ltr'>adlatam</span> <span class='ocrx_word' id='word_1_236' title='bbox 1515 1741 1673 1797; x_wconf 89' lang='lat' dir='ltr'>noris,</span> 
     </span>
     <span class='ocr_line' id='line_1_27' title="bbox 68 1797 1675 1865; baseline 0.004 -18"><span class='ocrx_word' id='word_1_237' title='bbox 68 1799 257 1863; x_wconf 88' lang='lat' dir='ltr'>„quod</span> <span class='ocrx_word' id='word_1_238' title='bbox 282 1813 446 1864; x_wconf 86' lang='lat' dir='ltr'>neque</span> <span class='ocrx_word' id='word_1_239' title='bbox 471 1797 599 1846; x_wconf 86' lang='lat' dir='ltr'>illius</span> <span class='ocrx_word' id='word_1_240' title='bbox 623 1799 884 1848; x_wconf 88' lang='lat' dir='ltr'>marmoris</span> <span class='ocrx_word' id='word_1_241' title='bbox 896 1799 1124 1864; x_wconf 68' lang='lat' dir='ltr'>estypum</span> <span class='ocrx_word' id='word_1_242' title='bbox 1137 1813 1216 1850; x_wconf 89' lang='lat' dir='ltr'>aut</span> <span class='ocrx_word' id='word_1_243' title='bbox 1231 1801 1428 1851; x_wconf 84' lang='lat' dir='ltr'>schema</span> <span class='ocrx_word' id='word_1_244' title='bbox 1441 1802 1675 1865; x_wconf 85' lang='lat' dir='ltr'>haberem</span> 
     </span>
     <span class='ocr_line' id='line_1_28' title="bbox 70 1861 1729 1931; baseline 0.003 -19"><span class='ocrx_word' id='word_1_245' title='bbox 70 1863 198 1923; x_wconf 74' lang='lat' dir='ltr'>„hic</span> <span class='ocrx_word' id='word_1_246' title='bbox 219 1863 319 1913; x_wconf 86' lang='lat' dir='ltr'>loci</span> <span class='ocrx_word' id='word_1_247' title='bbox 342 1899 356 1921; x_wconf 88' lang='lat'>,</span> <span class='ocrx_word' id='word_1_248' title='bbox 391 1876 554 1926; x_wconf 86' lang='lat' dir='ltr'>neque</span> <span class='ocrx_word' id='word_1_249' title='bbox 586 1861 720 1911; x_wconf 86' lang='lat' dir='ltr'>unde</span> <span class='ocrx_word' id='word_1_250' title='bbox 745 1863 1047 1913; x_wconf 78' lang='lat' dir='ltr'>nanciscerer</span> <span class='ocrx_word' id='word_1_251' title='bbox 1072 1863 1243 1914; x_wconf 85' lang='lat' dir='ltr'>scirem</span> <span class='ocrx_word' id='word_1_252' title='bbox 1268 1901 1281 1922; x_wconf 94' lang='lat'>‚</span> <span class='ocrx_word' id='word_1_253' title='bbox 1317 1865 1405 1915; x_wconf 71' lang='lat' dir='ltr'>nisi</span> <span class='ocrx_word' id='word_1_254' title='bbox 1428 1868 1566 1931; x_wconf 88' lang='lat' dir='ltr'>quod</span> <span class='ocrx_word' id='word_1_255' title='bbox 1591 1868 1675 1917; x_wconf 89' lang='lat' dir='ltr'>de-</span> <span class='ocrx_word' id='word_1_256' title='bbox 1726 1901 1729 1902; x_wconf 25' lang='grc' dir='ltr'><em>ν</em></span> 
     </span>
     <span class='ocr_line' id='line_1_29' title="bbox 72 1927 1673 1989; baseline 0.004 -14"><span class='ocrx_word' id='word_1_257' title='bbox 72 1963 104 1989; x_wconf 82' lang='grc'>,,</span> <span class='ocrx_word' id='word_1_258' title='bbox 119 1941 261 1977; x_wconf 89' lang='lat' dir='ltr'>mum</span> <span class='ocrx_word' id='word_1_259' title='bbox 286 1939 400 1977; x_wconf 83' lang='lat' dir='ltr'>ante</span> <span class='ocrx_word' id='word_1_260' title='bbox 422 1927 556 1975; x_wconf 89' lang='lat' dir='ltr'>diem</span> <span class='ocrx_word' id='word_1_261' title='bbox 579 1940 739 1976; x_wconf 86' lang='lat' dir='ltr'>unum</span> <span class='ocrx_word' id='word_1_262' title='bbox 763 1928 841 1976; x_wconf 84' lang='lat' dir='ltr'>vel</span> <span class='ocrx_word' id='word_1_263' title='bbox 863 1927 1071 1977; x_wconf 88' lang='lat' dir='ltr'>alterum</span> <span class='ocrx_word' id='word_1_264' title='bbox 1096 1930 1149 1978; x_wconf 91' lang='lat' dir='ltr'>in</span> <span class='ocrx_word' id='word_1_265' title='bbox 1172 1930 1399 1979; x_wconf 70' lang='lat' dir='ltr'>Kirclicri</span> <span class='ocrx_word' id='word_1_266' title='bbox 1422 1932 1563 1981; x_wconf 92' lang='lat' dir='ltr'>Latio</span> <span class='ocrx_word' id='word_1_267' title='bbox 1577 1931 1673 1982; x_wconf 85' lang='lat' dir='ltr'>sese</span> 
     </span>
     <span class='ocr_line' id='line_1_30' title="bbox 74 1989 1692 2056; baseline 0.004 -17"><span class='ocrx_word' id='word_1_268' title='bbox 74 2027 106 2050; x_wconf 82' lang='lat'>‚‚</span> <span class='ocrx_word' id='word_1_269' title='bbox 119 1991 245 2041; x_wconf 87' lang='lat' dir='ltr'>mihi</span> <span class='ocrx_word' id='word_1_270' title='bbox 268 1992 436 2041; x_wconf 90' lang='lat' dir='ltr'>denuo</span> <span class='ocrx_word' id='word_1_271' title='bbox 461 1989 733 2040; x_wconf 87' lang='lat' dir='ltr'>videndum</span> <span class='ocrx_word' id='word_1_272' title='bbox 746 1991 961 2054; x_wconf 70' lang='lat' dir='ltr'>praebuit.</span> <span class='ocrx_word' id='word_1_273' title='bbox 997 1994 1177 2056; x_wconf 88' lang='lat' dir='ltr'>Neque</span> <span class='ocrx_word' id='word_1_274' title='bbox 1188 1993 1304 2042; x_wconf 87' lang='lat' dir='ltr'>ideo</span> <span class='ocrx_word' id='word_1_275' title='bbox 1318 2004 1483 2044; x_wconf 88' lang='lat' dir='ltr'>tamen</span> <span class='ocrx_word' id='word_1_276' title='bbox 1497 2010 1673 2046; x_wconf 88' lang='lat' dir='ltr'>occur-</span> <span class='ocrx_word' id='word_1_277' title='bbox 1688 2030 1692 2034; x_wconf 89' lang='lat'>-</span> 
     </span>
     <span class='ocr_line' id='line_1_31' title="bbox 75 2054 1670 2118; baseline 0.004 -16"><span class='ocrx_word' id='word_1_278' title='bbox 75 2056 184 2114; x_wconf 84' lang='lat' dir='ltr'>„rit</span> <span class='ocrx_word' id='word_1_279' title='bbox 208 2056 440 2104; x_wconf 58' lang='lat' dir='ltr'>haetenus</span> <span class='ocrx_word' id='word_1_280' title='bbox 463 2054 758 2118; x_wconf 85' lang='lat' dir='ltr'>quicquam,</span> <span class='ocrx_word' id='word_1_281' title='bbox 791 2054 933 2117; x_wconf 92' lang='lat' dir='ltr'>quod</span> <span class='ocrx_word' id='word_1_282' title='bbox 955 2057 1180 2105; x_wconf 86' lang='lat' dir='ltr'>animum</span> <span class='ocrx_word' id='word_1_283' title='bbox 1206 2071 1378 2106; x_wconf 87' lang='lat' dir='ltr'>meum</span> <span class='ocrx_word' id='word_1_284' title='bbox 1403 2060 1455 2108; x_wconf 92' lang='lat' dir='ltr'>in</span> <span class='ocrx_word' id='word_1_285' title='bbox 1482 2075 1573 2117; x_wconf 70' lang='grc' dir='ltr'>(το,</span> <span class='ocrx_word' id='word_1_286' title='bbox 1608 2059 1670 2109; x_wconf 92' lang='lat' dir='ltr'>de</span> 
     </span>
     <span class='ocr_line' id='line_1_32' title="bbox 8 2119 1671 2185; baseline 0.005 -21"><span class='ocrx_word' id='word_1_287' title='bbox 8 2146 10 2148; x_wconf 95' lang='lat'>-</span> <span class='ocrx_word' id='word_1_288' title='bbox 74 2154 107 2177; x_wconf 85' lang='lat'>‚‚</span> <span class='ocrx_word' id='word_1_289' title='bbox 122 2134 228 2181; x_wconf 86' lang='lat' dir='ltr'>quo</span> <span class='ocrx_word' id='word_1_290' title='bbox 247 2120 416 2182; x_wconf 84' lang='lat' dir='ltr'>quaeris</span> <span class='ocrx_word' id='word_1_291' title='bbox 439 2119 628 2180; x_wconf 54' lang='grc' dir='ltr'>ζητήμαῖε</span> <span class='ocrx_word' id='word_1_292' title='bbox 657 2119 852 2167; x_wconf 85' lang='lat' dir='ltr'>abunde</span> <span class='ocrx_word' id='word_1_293' title='bbox 866 2119 1071 2182; x_wconf 86' lang='lat' dir='ltr'>explicet</span> <span class='ocrx_word' id='word_1_294' title='bbox 1084 2155 1097 2176; x_wconf 93' lang='lat'>‚</span> <span class='ocrx_word' id='word_1_295' title='bbox 1131 2122 1246 2170; x_wconf 87' lang='lat' dir='ltr'>&amp;in</span> <span class='ocrx_word' id='word_1_296' title='bbox 1260 2136 1363 2185; x_wconf 91' lang='lat' dir='ltr'>quo</span> <span class='ocrx_word' id='word_1_297' title='bbox 1377 2121 1671 2174; x_wconf 86' lang='lat' dir='ltr'>declarando</span> 
     </span>
     <span class='ocr_line' id='line_1_33' title="bbox 75 2182 1670 2251; baseline 0.005 -21"><span class='ocrx_word' id='word_1_298' title='bbox 75 2218 108 2240; x_wconf 88' lang='lat'>„</span> <span class='ocrx_word' id='word_1_299' title='bbox 123 2197 205 2230; x_wconf 88' lang='lat' dir='ltr'>me</span> <span class='ocrx_word' id='word_1_300' title='bbox 230 2182 485 2247; x_wconf 86' lang='lat' dir='ltr'>Oedipum</span> <span class='ocrx_word' id='word_1_301' title='bbox 508 2182 731 2231; x_wconf 59' lang='lat' dir='ltr'>audacter</span> <span class='ocrx_word' id='word_1_302' title='bbox 753 2182 879 2245; x_wconf 87' lang='lat' dir='ltr'>apud</span> <span class='ocrx_word' id='word_1_303' title='bbox 893 2195 940 2231; x_wconf 89' lang='lat' dir='ltr'>te</span> <span class='ocrx_word' id='word_1_304' title='bbox 952 2184 1270 2233; x_wconf 82' lang='lat' dir='ltr'>venditarem.</span> <span class='ocrx_word' id='word_1_305' title='bbox 1307 2185 1670 2251; x_wconf 86' lang='lat' dir='ltr'>Philosophum</span> 
     </span>
     <span class='ocr_line' id='line_1_34' title="bbox 72 2246 1669 2314; baseline 0.003 -19"><span class='ocrx_word' id='word_1_306' title='bbox 72 2278 104 2304; x_wconf 72' lang='lat'>,2</span> <span class='ocrx_word' id='word_1_307' title='bbox 120 2246 355 2310; x_wconf 89' lang='lat' dir='ltr'>equidem</span> <span class='ocrx_word' id='word_1_308' title='bbox 380 2246 605 2295; x_wconf 68' lang='lat' dir='ltr'>Graecum</span> <span class='ocrx_word' id='word_1_309' title='bbox 628 2259 760 2296; x_wconf 88' lang='lat' dir='ltr'>totus</span> <span class='ocrx_word' id='word_1_310' title='bbox 783 2247 872 2295; x_wconf 89' lang='lat' dir='ltr'>viri</span> <span class='ocrx_word' id='word_1_311' title='bbox 893 2246 1107 2304; x_wconf 83' lang='lat' dir='ltr'>habitus,</span> <span class='ocrx_word' id='word_1_312' title='bbox 1142 2249 1372 2314; x_wconf 87' lang='lat' dir='ltr'>quadrata</span> <span class='ocrx_word' id='word_1_313' title='bbox 1386 2251 1546 2307; x_wconf 84' lang='lat' dir='ltr'>vestis,</span> <span class='ocrx_word' id='word_1_314' title='bbox 1581 2267 1669 2302; x_wconf 90' lang='lat' dir='ltr'>vo-</span> 
     </span>
     <span class='ocr_line' id='line_1_35' title="bbox 65 2310 1669 2377; baseline 0.002 -19"><span class='ocrx_word' id='word_1_315' title='bbox 65 2311 284 2369; x_wconf 86' lang='lat' dir='ltr'>„lumen</span> <span class='ocrx_word' id='word_1_316' title='bbox 309 2310 451 2373; x_wconf 89' lang='lat' dir='ltr'>quod</span> <span class='ocrx_word' id='word_1_317' title='bbox 472 2311 696 2361; x_wconf 86' lang='lat' dir='ltr'>manibus</span> <span class='ocrx_word' id='word_1_318' title='bbox 719 2322 879 2367; x_wconf 87' lang='lat' dir='ltr'>tenet,</span> <span class='ocrx_word' id='word_1_319' title='bbox 915 2312 1242 2362; x_wconf 85' lang='lat' dir='ltr'>consentanea</span> <span class='ocrx_word' id='word_1_320' title='bbox 1266 2312 1481 2377; x_wconf 88' lang='lat' dir='ltr'>denique</span> <span class='ocrx_word' id='word_1_321' title='bbox 1504 2313 1669 2364; x_wconf 75' lang='lat' dir='ltr'>simili-</span> 
     </span>
     <span class='ocr_line' id='line_1_36' title="bbox 69 2374 1667 2442; baseline 0.003 -20"><span class='ocrx_word' id='word_1_322' title='bbox 69 2410 101 2434; x_wconf 81' lang='lat'>„</span> <span class='ocrx_word' id='word_1_323' title='bbox 115 2374 203 2424; x_wconf 88' lang='lat' dir='ltr'>bus</span> <span class='ocrx_word' id='word_1_324' title='bbox 217 2375 529 2437; x_wconf 87' lang='lat' dir='ltr'>palliatorum</span> <span class='ocrx_word' id='word_1_325' title='bbox 551 2385 677 2431; x_wconf 70' lang='grc' dir='ltr'>πφῶν</span> <span class='ocrx_word' id='word_1_326' title='bbox 691 2410 705 2431; x_wconf 92' lang='grc'>,</span> <span class='ocrx_word' id='word_1_327' title='bbox 738 2388 845 2438; x_wconf 83' lang='lat' dir='ltr'>quae</span> <span class='ocrx_word' id='word_1_328' title='bbox 858 2376 1016 2425; x_wconf 89' lang='lat' dir='ltr'>adhuc</span> <span class='ocrx_word' id='word_1_329' title='bbox 1029 2377 1207 2427; x_wconf 78' lang='lat' dir='ltr'>Romae</span> <span class='ocrx_word' id='word_1_330' title='bbox 1217 2388 1299 2426; x_wconf 91' lang='lat' dir='ltr'>aut</span> <span class='ocrx_word' id='word_1_331' title='bbox 1312 2378 1425 2426; x_wconf 88' lang='lat' dir='ltr'>alibi</span> <span class='ocrx_word' id='word_1_332' title='bbox 1436 2379 1667 2442; x_wconf 80' lang='lat' dir='ltr'>prostant,</span> 
     </span>
     <span class='ocr_line' id='line_1_37' title="bbox 71 2438 1668 2504; baseline 0.003 -16"><span class='ocrx_word' id='word_1_333' title='bbox 71 2439 274 2498; x_wconf 81' lang='lat' dir='ltr'>„statuis</span> <span class='ocrx_word' id='word_1_334' title='bbox 294 2450 376 2487; x_wconf 86' lang='lat' dir='ltr'>aut</span> <span class='ocrx_word' id='word_1_335' title='bbox 398 2438 621 2489; x_wconf 85' lang='lat' dir='ltr'>iconibus</span> <span class='ocrx_word' id='word_1_336' title='bbox 641 2476 654 2497; x_wconf 89' lang='lat'><strong><em>,</em></strong></span> <span class='ocrx_word' id='word_1_337' title='bbox 689 2439 839 2502; x_wconf 85' lang='lat' dir='ltr'>figura</span> <span class='ocrx_word' id='word_1_338' title='bbox 861 2455 1056 2504; x_wconf 84' lang='lat' dir='ltr'>arguere</span> <span class='ocrx_word' id='word_1_339' title='bbox 1078 2441 1204 2490; x_wconf 87' lang='lat' dir='ltr'>mihi</span> <span class='ocrx_word' id='word_1_340' title='bbox 1225 2441 1356 2498; x_wconf 85' lang='lat' dir='ltr'>haud</span> <span class='ocrx_word' id='word_1_341' title='bbox 1376 2442 1457 2490; x_wconf 87' lang='lat' dir='ltr'>abs</span> <span class='ocrx_word' id='word_1_342' title='bbox 1471 2457 1522 2491; x_wconf 86' lang='lat' dir='ltr'>re</span> <span class='ocrx_word' id='word_1_343' title='bbox 1534 2444 1668 2493; x_wconf 79' lang='lat' dir='ltr'>vide-</span> 
     </span>
     <span class='ocr_line' id='line_1_38' title="bbox 75 2502 1665 2568; baseline 0.003 -17"><span class='ocrx_word' id='word_1_344' title='bbox 75 2503 225 2553; x_wconf 58' lang='lat' dir='ltr'>batur0</span> <span class='ocrx_word' id='word_1_345' title='bbox 270 2502 444 2565; x_wconf 86' lang='lat' dir='ltr'>Qum</span> <span class='ocrx_word' id='word_1_346' title='bbox 456 2518 575 2552; x_wconf 87' lang='lat' dir='ltr'>vero</span> <span class='ocrx_word' id='word_1_347' title='bbox 591 2504 750 2567; x_wconf 87' lang='lat' dir='ltr'>operis</span> <span class='ocrx_word' id='word_1_348' title='bbox 763 2503 887 2552; x_wconf 87' lang='lat' dir='ltr'>illius</span> <span class='ocrx_word' id='word_1_349' title='bbox 899 2503 1095 2560; x_wconf 86' lang='lat' dir='ltr'>artifex,</span> <span class='ocrx_word' id='word_1_350' title='bbox 1130 2520 1222 2568; x_wconf 88' lang='lat' dir='ltr'>pro</span> <span class='ocrx_word' id='word_1_351' title='bbox 1235 2520 1379 2553; x_wconf 89' lang='lat' dir='ltr'>more</span> <span class='ocrx_word' id='word_1_352' title='bbox 1396 2508 1665 2562; x_wconf 86' lang='lat' dir='ltr'>consueto,</span> 
     </span>
     <span class='ocr_line' id='line_1_39' title="bbox 76 2567 1666 2634; baseline 0.004 -19"><span class='ocrx_word' id='word_1_353' title='bbox 76 2567 264 2615; x_wconf 86' lang='lat' dir='ltr'>dicatur</span> <span class='ocrx_word' id='word_1_354' title='bbox 299 2569 352 2616; x_wconf 88' lang='lat' dir='ltr'>in</span> <span class='ocrx_word' id='word_1_355' title='bbox 388 2568 568 2616; x_wconf 89' lang='lat' dir='ltr'>eodem</span> <span class='ocrx_word' id='word_1_356' title='bbox 604 2582 854 2617; x_wconf 85' lang='lat' dir='ltr'>marmore</span> <span class='ocrx_word' id='word_1_357' title='bbox 878 2568 1178 2632; x_wconf 85' lang='lat' dir='ltr'>Apollonius</span> <span class='ocrx_word' id='word_1_358' title='bbox 1202 2584 1251 2617; x_wconf 90' lang='lat' dir='ltr'>n.</span> <span class='ocrx_word' id='word_1_359' title='bbox 1277 2569 1479 2632; x_wconf 82' lang='lat' dir='ltr'>quidam</span> <span class='ocrx_word' id='word_1_360' title='bbox 1514 2574 1666 2634; x_wconf 86' lang='lat' dir='ltr'>patria</span> 
     </span>
    </p>
   </div>
   <div class='ocr_carea' id='block_1_7' title="bbox 75 2630 1669 2762">
    <p class='ocr_par' dir='ltr' id='par_1_8' title="bbox 75 2630 1669 2762">
     <span class='ocr_line' id='line_1_40' title="bbox 75 2630 1665 2748; baseline 0.002 -67"><span class='ocrx_word' id='word_1_361' title='bbox 75 2630 340 2682; x_wconf 81' lang='lat' dir='ltr'>Prienenfis</span> <span class='ocrx_word' id='word_1_362' title='bbox 355 2666 368 2690; x_wconf 92' lang='lat'>‚</span> <span class='ocrx_word' id='word_1_363' title='bbox 406 2633 467 2681; x_wconf 86' lang='lat' dir='ltr'>ad</span> <span class='ocrx_word' id='word_1_364' title='bbox 493 2632 715 2683; x_wconf 85' lang='lat' dir='ltr'>Biantem</span> <span class='ocrx_word' id='word_1_365' title='bbox 742 2631 988 2745; x_wconf 56' lang='lat' dir='ltr'>continug</span> <span class='ocrx_word' id='word_1_366' title='bbox 1009 2632 1279 2745; x_wconf 70' lang='lat' dir='ltr'>rbcferebam</span> <span class='ocrx_word' id='word_1_367' title='bbox 1302 2632 1504 2686; x_wconf 84' lang='lat' dir='ltr'>statuam</span> <span class='ocrx_word' id='word_1_368' title='bbox 1527 2636 1665 2748; x_wconf 51' lang='lat' dir='ltr'>illlaim</span> 
     </span>
     <span class='ocr_line' id='line_1_41' title="bbox 1509 2712 1669 2762; baseline 0 -13"><span class='ocrx_word' id='word_1_369' title='bbox 1509 2712 1568 2762; x_wconf 85' lang='lat' dir='ltr'>pa</span> <span class='ocrx_word' id='word_1_370' title='bbox 1625 2714 1669 2749; x_wconf 81' lang='lat' dir='ltr'>a·</span> 
     </span>
    </p>
   </div>
  </div>
 </body>
</html>
