2210 2985
501 96 599 141 194
2168 107 2170 111 ⁴

493 165 743 231 palliatam
766 196 786 218 ‚
815 159 1008 212 virum,
1042 163 1097 203 ut
1119 150 1273 207 nosti,
1307 149 1593 222 pri-marium
1619 149 1748 201 iilius
1774 151 1904 204 urbis
1930 153 2105 215 decus»,
2170 168 2172 187 ³

496 231 547 278 &
571 231 651 278 cui
675 225 934 276 delubrum
958 220 1109 268 etiam
1133 214 1425 265 consecrasse
1437 215 1721 265 Prienenses
1746 216 1981 269 eLa'ertio
2005 237 2107 271 me-

499 294 764 342 mineram.
802 284 958 341 Unde
982 283 1109 330 nihii
1137 281 1322 328 mirum
1350 289 1431 328 aut
1457 277 1713 328 insolitum
1739 281 2016 341 videbatur,
2052 297 2108 336 ut

502 359 556 407 in
581 356 762 406 eodem
787 362 1061 400 marmore,
1097 345 1153 393 in
1176 358 1281 407 quo
1307 339 1621 392 nobilisfimae
1645 345 1798 393 Artes
1817 361 1871 394 ac
1887 348 2111 413 Discipli-

501 437 599 478 nae,
635 422 743 468 imo
783 414 880 480 ipsa
905 425 1073 460 rerum
1097 409 1314 464 Natura,
1347 408 1483 456 vario
1507 404 1700 470 singula:
1724 408 1891 459 habitu
1906 427 1959 461 ac
1984 415 2109 472 ritu,
2177 428 2180 463 ζ

503 486 565 534 ad
588 477 1086 533 commendationem
1103 472 1504 523 Consecrationis
1527 472 1655 521 illius
1668 474 1943 524 Homericae
1956 479 2112 529 oculis

503 551 822 610 ustirpantur3
861 545 913 591 in
926 539 1106 588 eodem
1121 538 1397 592 tanticivis‚
1435 537 1603 599 magni
1616 537 1826 593 Ionum,
1862 552 1915 587 ut
1928 538 2109 592 Biantis
2139 573 2144 578 ›
2176 585 2181 589 .

506 613 706 662 tumulo
731 610 860 672 apud
887 601 1165 655 Prienenses
1188 602 1487 663 iniculptum
1505 635 1518 655 ,
1556 603 1867 656 ornamenti,
1894 605 1952 650 ὅ(
1984 604 2112 655 inter
2182 601 2183 605 ’

507 677 694 739 septem
731 675 976 737 Sapientes
1013 666 1289 714 multorum
1317 665 1751 776 judicioflglraecipui
1777 700 1791 722 ,
1840 665 2112 732 divinisque
2185 710 2186 713 ,

504 739 782 789 honoribus
806 730 1175 785 aconterraneis
1190 728 1280 776 suis
1299 729 1442 782 culti,
1479 744 1502 775 e
1561 731 1900 793 giesquoque‚
1934 746 2112 795 oppor-
2187 781 2188 786 ,

508 815 626 852 tune
639 818 693 851 ac
708 799 900 850 decenti
913 795 1078 845 habitu
1097 793 1145 840 ὃς
1159 793 1275 840 loco
1289 827 1302 848 ‚
1338 791 1365 839 a
1380 791 1622 839 Prienensi
1635 793 1815 842 artifice
1831 793 2112 858 signaretur.
2188 830 2189 833 =

508 868 690 930 Neque
717 867 883 919 Faces,
918 876 1023 921 qua:
1050 857 1110 905 ab
1135 869 1346 928 utroque
1369 856 1457 904 viri
1481 855 1630 904 latere
1655 871 1948 914 occurrunt,
1988 861 2116 924 quis-

510 946 662 993 quam
688 927 969 979 mirabitur,
1005 923 1091 985 qui
1114 936 1190 968 eas
1216 936 1268 967 in
1283 919 1571 967 Graecorum
1587 922 1737 970 Sacris
1751 938 1806 971 ac
1826 923 2034 973 delubris
2046 926 2114 974 fa-

511 995 719 1043 miliar-es
733 991 862 1041 haud
876 992 1094 1054 ignorat,
1130 985 1281 1047 iisque
1297 998 1402 1031 non
1418 984 1654 1033 Cererem
1680 987 1864 1041 soium,
1895 1001 1976 1036 aut
2002 990 2115 1040 Dia,

513 1074 631 1108 nam
646 1059 898 1106 Lunamve
912 1050 1185 1100 Luciferam
1200 1082 1212 1103 ‚
1247 1047 1383 1110 quod
1399 1048 1445 1094 &
1459 1060 1664 1110 arguunt
1687 1050 1821 1099 obvii
1836 1080 1863 1107 ‚-
1886 1065 1939 1100 ut
1962 1054 2115 1110 nosti,

513 1118 948 1172 veteres-nummi,
982 1126 1063 1163 aut
1087 1114 1272 1163 Panem
1296 1112 1622 1174 ceteroquin,
1658 1112 1740 1162 sed
1766 1115 1815 1161 ὃς
1843 1115 1962 1164 alios
1978 1116 2114 1167 Deos

517 1201 573 1235 ac
596 1187 781 1234 Heroas
805 1178 1049 1250 ejusmodi
1073 1177 1292 1239 ἐκδεχίως
1310 1182 1340 1244 a}
1367 1178 1738 1235 noeumffoaeogim
1753 1175 2037 1242 frequenter
2054 1181 2114 1230 ab

515 1249 876 1299 iisdemcultos.
914 1243 1170 1297 Delitera,
1204 1255 1353 1304 quam
1368 1252 1571 1297 vocant,
1608 1243 1837 1298 Taurica,
1873 1259 2118 1294 ceucruce

512 1315 701 1369 ansata,
735 1328 843 1375 quae
876 1311 928 1358 in
965 1306 1305 1355 monumentis
1340 1304 1589 1368 AEgyptiis
1621 1306 1752 1356 haud
1779 1306 2063 1371 infrequens
2088 1309 2117 1359 a

511 1379 757 1428 Kirchero
780 1375 1010 1427 traditur,
1047 1384 1134 1418 cur
1158 1369 1329 1417 eadem
1343 1370 1486 1430 capiti
1500 1368 1642 1430 hujus
1663 1371 1752 1419 viri
1766 1373 1998 1434 appensa,
2033 1384 2116 1422 aut

515 1458 623 1505 quae
638 1441 873 1504 Sphaerica
885 1432 1210 1489 velutiaddita
1224 1432 1534 1487 eimachina,
1572 1434 1702 1482 haud
1715 1434 1779 1482 ita
1794 1468 1807 1489 ,
1831 1447 1883 1483 ut
1898 1437 2115 1498 ingenue

514 1505 690 1561 fatear,
724 1504 893 1568 liquet.
929 1497 1207 1561 Tripodem
1239 1495 1447 1559 quidem
1477 1511 1669 1546 aeneuni
1703 1512 1984 1546 memorant
2013 1501 2115 1549 Au.-

517 1571 676 1619 &tores
690 1604 703 1625 ,
738 1569 817 1618 cui
839 1579 1029 1616 nomen
1034 1565 1215 1627 fhpienta's
1228 1573 1308 1610 aut
1311 1554 1574 1626 fhpz'entzffimz'
1586 1562 1873 1624 inscriptum
1888 1560 2119 1626 singulari.

516 1649 727 1682 munere
741 1632 895 1681 Bianti
909 1628 1205 1679 concess'um.
1244 1626 1512 1691 Sedneque
1527 1626 1762 1687 machinae
1775 1626 1845 1673 illi
1871 1642 1988 1691 cum
2004 1629 2117 1677 Tri-

519 1699 651 1762 pode
678 1697 938 1751 convenit,
974 1708 1137 1756 neque
1164 1692 1313 1754 tripus
1334 1691 1469 1753 supra
1497 1703 1668 1754 caput,
1705 1691 1786 1738 sed
1810 1690 1869 1739 ad
1882 1691 2024 1753 pedes
2037 1691 2119 1740 ad-

559 1762 645 1810 oni
659 1763 710 1809 in
726 1758 1067 1809 monumentis
1080 1755 1292 1818 antiquis
1308 1753 1582 1803 consuetus.
1619 1757 1704 1802 An
1720 1754 1779 1801 ad
1794 1754 1983 1802 celebre
1997 1755 2124 1805 illud

520 1776 703 1876 giantis
719 1823 920 1873 effatum
934 1857 947 1877 ‚
983 1825 1135 1867 Omnia
1148 1837 1297 1865 mecum
1305 1832 1409 1884 porto
1422 1851 1435 1871 ,
1471 1817 1742 1882 quidquam
1757 1818 1928 1865 eadem
1945 1818 1974 1865 s
1964 1820 2124 1882 ρεξὶεῑ

525 1889 784 1945 machina,
820 1900 873 1937 tu
896 1886 994 1949 ipse
1018 1887 1193 1936 videris
1209 1924 1219 1941 ,
1254 1886 1340 1948 qui
1365 1885 1538 1932 omnia
1564 1880 1706 1929 nobis
1728 1882 1945 1943 praeclara
1978 1883 2123 1942 hujus

524 1957 785 2010 Smffiw‘ffwc
821 1967 989 2001 arcana
1012 1986 1025 2006 ,
1060 1963 1113 2000 ut
1128 1965 1265 2000 verus
1279 1959 1480 2010 empta,
1517 1944 1810 2010 propinabis.
1857 1946 1970 1994 Haec
1984 1946 2122 2005 sunt,

528 2034 634 2083 quae
648 2018 740 2069 Vir
756 2013 1193 2066 Excellentiffimus
1217 2013 1416 2075 epistola
1440 2011 1626 2059 laudata
1639 2008 1698 2056 ad
1711 2024 1794 2056 me
1808 2006 1962 2062 mifit3
2000 2026 2124 2075 quae-

529 2097 628 2146 que
641 2094 694 2131 ut
708 2081 894 2130 erudita
906 2082 954 2128 ὃς
969 2080 1206 2142 elegantia
1221 2077 1329 2125 sunt
1342 2076 1519 2139 absque
1533 2073 1858 2122 controversia
1873 2092 1886 2129 3
1921 2074 1984 2123 ita
1999 2075 2126 2124 clare

531 2148 738 2198 docent,
779 2145 997 2192 multum
1022 2144 1141 2191 lucis
1155 2141 1388 2189 marmori
1402 2138 1694 2189 accessurum
1708 2135 1842 2186 suiffe
1861 2172 1875 2194 ,
1911 2136 2127 2189 fitotum

460 2226 464 2231 ’
532 2209 580 2258 se
593 2209 663 2255 illi
677 2207 970 2257 elucidando
985 2205 1206 2255 voluiffet
1220 2204 1421 2252 tradere.

598 2273 860 2336 Postquam
896 2283 1000 2319 tam
1034 2269 1273 2318 eruditam
1311 2267 1706 2318 observationem
1730 2264 1789 2314 ab
1812 2263 2130 2316 illustrissimo

536 2337 842 2400 Spanhemio
877 2334 1069 2396 accepi,
1104 2333 1233 2381 misit
1266 2333 1415 2381 etiarn
1453 2333 1707 2381 Antonius
1741 2329 2132 2394 Magliabequius

535 2415 649 2449 rarae
673 2400 961 2462 eruditionis
985 2398 1035 2445 δε
1056 2397 1372 2446 humanitatis
1396 2397 1494 2450 vir,
1530 2394 1763 2457 natusque
1792 2395 1931 2456 plane
1946 2395 2004 2442 ad
2020 2410 2130 2458 pro-

535 2464 784 2512 movenda
798 2463 948 2513 studia
964 2497 975 2517 ‚
1012 2476 1065 2510 ea
1082 2477 1186 2524 quae
1202 2472 1459 2509 notaverat
1473 2459 1692 2524 Raphael
1708 2456 1913 2506 Fabretti
1929 2493 1941 2513 ,
1954 2457 2133 2521 absque

535 2527 863 2576 controversia
880 2525 1042 2576 Abbas
1058 2520 1246 2573 doetiss'l
1255 2540 1359 2573 mus
1376 2540 1384 2573 3
1421 2539 1526 2587 quae
1539 2558 1552 2579 ‚
1566 2523 1679 2583 quia
1692 2521 1877 2570 mirum
1892 2533 2134 2585 quantum

534 2604 755 2640 marmor
789 2589 1054 2641 emendant
1082 2587 1392 2638 &illustrant
1415 2620 1430 2644 ‚
1473 2587 1704 2637 omittere
1737 2583 1915 2649 absque
1940 2585 2133 2649 piaculo

2026 2663 2139 2698 110ss
