2210 2985
497 188 560 235 36

496 259 664 310 multis
685 248 980 310 illustrarunt
1005 292 1019 315 ‚
1053 249 1227 305 Isidem
1251 255 1300 303 ὅ(
1327 254 1574 304 Ofiridem
1598 250 1829 305 exornare
1852 256 2090 323 praecipue

498 325 732 373 soiebant.
775 325 862 371 An
876 321 1003 371 forte
1037 322 1083 370 H
1097 335 1131 369 o
1144 333 1191 367 M
1205 333 1237 367 E
1248 335 1286 369 R
1301 334 1339 369 U
1353 334 1376 368 s
1409 321 1507 384 ipse
1532 319 1747 369 cernitur
1758 322 1912 385 qualis
1924 324 2099 372 carmi-

500 404 564 437 na,
590 389 667 437 sua
691 390 741 436 in
766 388 853 435 viis
875 385 1126 437 cantaban
1165 385 1214 431 &
1238 398 1321 446 per
1335 384 1663 434 characterem
1678 383 1890 448 designat
1903 386 2102 447 artifex,

503 469 619 502 eum
651 452 780 514 [ἕξις]
787 452 945 514 prium
971 450 1163 513 origine
1177 446 1338 502 fuiffe5
1375 448 1514 512 quod
1528 460 1696 512 praeter
1708 447 1926 498 Gellium
1942 450 1990 498 &
2003 452 2100 500 He-

468 568 475 578 ,
505 509 762 566 liodorum
797 516 916 563 alios
950 515 1135 563 multos
1167 512 1406 561 tradidisse
1444 513 1612 562 docuit
1637 512 1741 560 Leo
1765 513 2001 563 Allatius?
2037 529 2101 564 an

402 614 442 636 ot.
481 584 484 587 ’
509 597 629 630 vero
652 582 740 627 erit
764 579 953 628 antistes
976 578 1053 627 vel
1080 580 1285 638 Προφήτω
1301 578 1383 625 ille
1397 577 1687 631 ThebanuS,
1723 576 1808 639 qui
1820 576 2103 628 Homerum

427 675 433 681 -
507 644 718 709 genuiss‘e
745 654 962 693 narratur
975 642 1101 706 apud
1114 641 1331 690 eundem
1345 641 1700 693 Heliodorum,
1737 640 2000 704 quiqueob
2013 642 2102 691 ho-

444 719 449 726 ·
505 710 699 759 minem
714 708 854 772 plane
869 707 1094 758 divinum
1108 718 1418 770 procreatum
1432 740 1446 762 ‚
1481 703 1632 754 Mufis
1655 719 1823 754 comes
1836 705 1976 755 datur
1987 721 2105 756 cum

504 774 706 836 vulgato
735 772 980 821 sacrorum
996 770 1354 833 AEgyptiorum
1369 768 1641 817 charactere
1657 772 1670 816 ἒ
1716 769 1904 819 Verum
1918 781 2112 834 tempus

505 838 596 893 est,
635 847 689 886 ut
711 836 940 884 obnoxiis
963 835 1251 895 conjeciurae
1275 832 1417 882 rebus
1438 832 1744 894 posthabitis,
1778 832 1840 881 ad
1868 833 2108 884 ultimum

506 902 778 951 Marmoris
800 898 1111 962 segmentum
1134 897 1363 947 accedam
1390 914 1403 949 3
1440 897 1493 944 in
1516 911 1620 959 quo
1643 911 1807 946 revera
1830 897 2008 946 clarior
2033 913 2108 947 re-

507 981 624 1015 rum
651 962 821 1020 facieS‚
856 974 1001 1025 atque
1027 962 1266 1025 apertior3
1303 975 1419 1010 cum
1431 960 1553 1023 quid
1566 959 1651 1007 fibi
1663 957 1916 1009 fimulacra
1927 961 2113 1019 velint,

509 1044 618 1079 non
652 1024 808 1076 sinant
841 1041 935 1076 nos
969 1025 1188 1074 dubitare
1203 1059 1216 1081 ,
1250 1024 1445 1087 fingulis
1469 1022 1676 1082 subjecta
1702 1034 1847 1085 atque
1870 1022 2112 1088 supposita

512 1091 737 1142 nomina.
775 1090 921 1140 Sedet
934 1090 1071 1138 enim
1105 1089 1153 1137 H
1165 1102 1199 1136 o
1213 1102 1261 1137 M
1275 1103 1306 1136 E
1317 1104 1356 1138 R
1370 1101 1409 1137 U
1421 1102 1445 1136 s
1477 1086 1752 1137 diademate
1762 1086 1841 1137 vel
1853 1087 1973 1137 vitta
1989 1088 2110 1139 casta

511 1168 655 1220 caput
687 1155 897 1209 cinctus,
932 1167 1139 1202 manum
1173 1150 1407 1203 finistram
1442 1151 1504 1201 ad
1529 1151 1778 1202 summam
1802 1150 1984 1201 hastam
2007 1150 2112 1202 fere

511 1219 806 1274 extendens,
845 1221 1010 1267 dextra
1033 1219 1087 1265 in
1111 1230 1242 1279 genu
1266 1213 1470 1281 reposita
1492 1227 1665 1265 tenens
1687 1214 1941 1271 codicem,
1978 1218 2111 1266 tuni-

514 1299 625 1333 cam
650 1282 849 1331 indutus
873 1315 886 1337 ,
921 1280 1067 1344 pedes
1089 1280 1248 1330 nudus
1271 1297 1285 1334 3
1322 1280 1536 1344 cingitur
1558 1279 1745 1328 filiabus
1778 1278 1848 1327 11,
1863 1292 1980 1327 IAD
1994 1294 2025 1328 E
2061 1279 2112 1329 δε

515 1349 567 1397 O
583 1360 848 1399 DYSSEA3
887 1346 923 1394 E
940 1355 1214 1395 ΥΜΕΑῙΑ
1247 1342 1834 1407 iilicoronamimponit3
1851 1354 2112 1392 ΚΗΡΟΝΟΣ

517 1410 783 1460 admiratur
805 1410 967 1459 virum
990 1409 1069 1459 vel
1092 1408 1339 1458 silentium
1361 1407 1552 1465 suadet,
1589 1418 1682 1455 MT
1698 1419 1734 1454 Θ
1752 1419 1786 1453 0
1804 1419 1835 1453 Σ
1854 1405 2005 1456 'tenet
2032 1424 2113 1473 pa-

515 1486 673 1523 teram
699 1475 748 1522 &
768 1474 1111 1538 sympuvium3
1150 1488 1238 1522 arae
1252 1473 1399 1523 adstat
1413 1473 1504 1522 Bos
1525 1473 1678 1528 mira,
1714 1470 1795 1520 sed
1807 1482 1975 1521 tamen
1991 1484 2113 1523 tunc

521 1539 762 1602 temporis
794 1538 1029 1601 cognita,
1077 1536 1239 1586 forma
1265 1554 1275 1585 :
1327 1548 1478 1583 ΙΣτο
1494 1547 1515 1582 1³
1533 1547 1546 1582 1
1563 1551 1590 1583 A
1627 1552 1683 1588 ex
1710 1550 1872 1585 acerra
1897 1536 2009 1585 thus
2034 1536 2114 1584 de-

517 1612 808 1667 promptum
824 1616 911 1649 arae
924 1601 1116 1651 duobus
1129 1601 1299 1665 primis
1311 1601 1474 1665 digitis
1501 1601 1657 1663 injicit
1672 1628 1685 1660 ;
1726 1610 1763 1645 n
1778 1612 1811 1646 o
1830 1610 1842 1645 1
1861 1613 1891 1645 H
1908 1611 1938 1646 Σ
1956 1611 1968 1645 1
1984 1612 2015 1646 Σ
2049 1600 2115 1649 fa-
2141 1660 2146 1666 .

519 1681 624 1724 ces,
658 1680 765 1730 quae
800 1664 983 1714 scilicet
1015 1666 1186 1728 ignem
1210 1664 1395 1715 sacrum
1420 1665 1689 1715 accendent
1714 1664 1906 1712 extollit
1932 1679 1943 1716 ;
1982 1677 2013 1710 T
2033 1676 2115 1712 PA-

523 1744 551 1776 r
564 1743 600 1775 n
621 1741 679 1775 Δι
698 1747 728 1775 A
763 1730 812 1778 ἅτ
848 1740 879 1775 Κ
893 1741 930 1775 Ω
946 1743 991 1776 M
1005 1742 1040 1775 Ω
1057 1743 1088 1774 Δ
1106 1740 1116 1774 1
1135 1742 1164 1774 A
1198 1743 1293 1790 prae
1305 1729 1488 1792 gaudio
1499 1730 1575 1779 vel
1588 1728 1916 1785 admiratione
1930 1764 1942 1784 ‚
1978 1730 2119 1794 quod

522 1794 776 1844 auctorem
790 1794 838 1841 &
851 1804 1040 1855 patrem
1055 1792 1196 1842 suum
1209 1792 1378 1841 vident
1390 1791 1540 1840 deum
1557 1826 1571 1848 ,
1606 1806 1779 1840 manus
1789 1791 1851 1838 ad
1862 1789 2010 1840 sidera
2023 1794 2117 1841 tol-

521 1859 635 1907 lunt
651 1893 663 1913 ,
700 1868 897 1905 ΦΥΣΙΣ
933 1856 1108 1921 puerili
1131 1870 1238 1905 non
1263 1855 1440 1920 absque
1454 1856 1645 1905 ratione
1656 1854 1898 1918 imagine,
1931 1855 2121 1905 blandi-

523 1933 604 1972 tur
626 1922 837 1977 Virtuti,
874 1939 904 1967 A
920 1933 941 1967 Ρ
962 1934 986 1967 ε
1001 1934 1030 1967 τ
1050 1934 1082 1968 H
1119 1919 1276 1983 digito
1289 1936 1344 1969 os
1356 1920 1550 1984 premit,
1564 1917 1807 1968 silentium
1821 1916 2012 1977 suadet,
2045 1921 2120 1969 in-

524 1997 791 2050 crepatque
804 1985 935 2050 quast
946 1986 1191 2035 Naturam
1203 1984 1348 2033 vestes
1361 1985 1465 2033 suas
1483 1984 1792 2033 vellicantem
1807 2000 1821 2037 3
1860 1996 1904 2031 M
1920 1997 1954 2032 N
1977 1998 2006 2030 H
2026 1997 2069 2032 M
2085 1998 2118 2031 H

525 2050 875 2100 meditabunda
899 2051 1068 2115 plane,
1103 2050 1154 2096 &
1176 2049 1442 2097 memorias
1455 2049 1697 2099 Veterum
1710 2052 1934 2111 repetens
1946 2049 2120 2105 adstat,

526 2126 565 2161 n
584 2126 642 2160 [Σ
658 2129 688 2160 τ
705 2125 720 2159 1
735 2127 767 2161 Σ
815 2116 1022 2164 miratur
1061 2125 1193 2162 tanta
1215 2114 1444 2161 Homero
1468 2148 1481 2169 ‚
1527 2124 1726 2177 propter
1748 2113 1968 2161 innatam
1993 2112 2124 2176 quast

527 2178 724 2228 dicendi
743 2190 888 2242 atque
913 2176 1231 2243 persuadendi
1245 2176 1347 2226 vim
1365 2178 1560 2240 praemia
1574 2176 1663 2226 effe
1677 2175 1786 2225 data
1800 2196 1812 2232 3
1846 2175 1895 2222 ὃ(
1908 2176 2122 2241 denique

528 2255 561 2289 Σ
580 2255 613 2289 o
633 2256 661 2289 Φ
680 2255 736 2291 ΙΑ
770 2242 978 2292 eandem
991 2241 1059 2289 ob
1071 2255 1177 2290 rem
1188 2240 1338 2291 Veluti
1352 2242 1560 2290 attonita
1572 2255 1751 2305 agmen
1764 2238 1944 2289 claudit
1957 2275 1970 2296 ,
2004 2256 2122 2290 ocu-

527 2306 698 2371 losque
719 2310 772 2357 in
797 2307 964 2355 virum
987 2304 1225 2361 intendit,
1262 2305 1348 2368 qui
1371 2306 1605 2354 omnium
1630 2304 1813 2363 judicio
1827 2301 2126 2370 Sapientisfi-s

529 2386 642 2422 mus
664 2372 756 2423 fuit
781 2369 984 2420 habitus.
1021 2369 1278 2419 Virtutum
1303 2369 1449 2431 igitur
1472 2370 1550 2421 vel
1574 2370 1779 2420 Artium
1803 2370 1961 2433 prima
1985 2367 2034 2418 se
2051 2367 2125 2418 of2

528 2434 623 2485 fert
635 2471 649 2492 ,
687 2440 736 2489 ὃς
750 2434 929 2485 sacram
942 2433 1207 2485 cohortem
1224 2433 1357 2482 ducit

996 2526 1021 2559 E
1092 2524 1126 2559 ‘r
1193 2527 1240 2561 M
1310 2525 1335 2558 E
1402 2526 1437 2560 A
1505 2524 1522 2559 1
1589 2526 1621 2560 A

530 2577 585 2628 Id
598 2579 679 2639 est,
694 2579 728 2631 ss
741 2578 913 2629 Latine
935 2579 1240 2642 interpretari
1253 2577 1481 2628 volumus

849 2657 1108 2708 APTA
1173 2658 1783 2767 Μοῗυιᾼτῑο

1282 2735 1339 2769 ve

888 2785 1761 2838 APTUSNUMERUs.
2010 2785 2126 2839 Vox
