2210 2985
197 189 316 236 Num
335 190 434 250 quia
453 192 636 249 perpetuos
655 187 796 228 meruit
820 178 957 228 domus
976 181 1056 242 {sia
1074 179 1286 247 triumphos

263 255 339 300 An
365 258 460 318 quia
485 248 678 296 Leucadio
694 249 842 314 ftmper
863 261 1002 295 amata
1028 252 1136 295 Deo?

191 320 327 385 Ipstme
349 317 454 383 quod
467 315 572 379 festa
595 318 644 379 est
657 348 671 370 ,
707 335 762 363 an
786 316 890 380 quod
898 315 1006 377 facit
1026 323 1160 363 omnia
1171 314 1277 378 ftsta
1290 318 1312 362 ,ἓ

257 389 397 457 Qum
423 384 558 430 tribuit
581 390 716 438 terris,
745 390 877 447 pacis,
911 404 967 431 an
988 385 1060 445 isba
1083 397 1171 430 notu
1194 385 1273 441 est}

190 455 321 519 thue
355 452 402 500 V
419 465 440 499 Ι
454 467 490 499 R
506 464 537 497 E
552 465 582 498 Τ
611 452 762 516 ſsmper
781 451 913 497 laurus
927 483 939 504 ‚
974 469 1039 497 nec
1049 449 1190 514 fronde
1213 450 1355 498 caduca

255 525 442 585 Carpitur
468 528 655 563 aeternum
669 520 729 579 fic
751 518 861 563 habet
883 519 948 565 illa
968 517 1076 563 decus
1095 521 1111 565 ζ

189 588 322 649 Caufiz
350 583 582 654 fisperpofitae
597 585 737 650 ftmpto
758 586 891 645 testata
912 603 1081 641 coronae,

257 658 445 701 Servatos
463 657 577 698 cives
599 652 748 699 indicat
769 653 882 714 hujus
907 669 983 720 ope.
1462 693 1466 697 .

61 719 160 771 Sed
185 720 307 783 quid
330 720 395 769 est
415 717 533 776 ιαμβι
544 719 683 784 scripto
703 720 868 781 testataZ
905 726 966 769 lc.
992 718 1153 768 addita
1168 730 1277 769 erat
1298 717 1531 783 inscripto
1565 721 1615 770 Ο
1632 736 1663 770 Β

62 786 110 836 C
137 798 157 832 1
172 798 207 832 v
223 797 253 831 E
268 799 291 832 s
336 785 366 833 S
383 797 414 831 E
427 796 515 832 RV
530 797 566 832 A
582 799 664 833 TO
677 800 700 833 s
715 820 729 842 ‚
764 801 869 848 quae
899 785 950 832 in
987 784 1291 833 numismatis
1316 783 1522 845 Augusti
1546 787 1673 834 cum'

62 849 237 898 eadem
260 862 449 897 corona
477 849 702 897 cernitur.
741 849 999 912 Postquam
1014 858 1180 896 autem
1216 850 1261 898 C
1279 861 1300 895 1
1314 862 1348 896 v
1364 862 1385 896 1
1400 862 1429 896 C
1442 863 1478 896 A
1513 849 1666 912 coepit

62 911 273 976 appendi
296 911 481 960 foribus
505 912 660 975 Impp.
682 912 812 976 quast
825 912 1022 977 propria
1035 926 1209 961 eorum
1224 912 1271 958 ὅ(
1286 928 1391 980 par5
1405 913 1666 972 Maiestatis

60 977 248 1031 habita:
286 975 430 1039 quod⁴
449 976 724 1037 expendens
752 979 961 1032 Seneca,
997 991 1105 1024 eam
1118 973 1473 1039 elegantisslme
1487 976 1665 1024 deseri-

56 1040 159 1089 bit:
199 1041 368 1087 Nullum
403 1054 672 1087 ornamentum
701 1050 882 1108 princtpz's
908 1040 1074 1107 fastigio
1106 1041 1262 1107 dignius
1290 1041 1554 1105 pulchriusque
1589 1042 1638 1102 est
1650 1073 1665 1096 ,

61 1124 186 1171 quam
209 1108 277 1154 illa
300 1126 435 1154 corona
471 1107 520 1155 O
536 1121 566 1154 B
606 1108 651 1157 C
669 1121 689 1156 1
706 1122 740 1156 V
752 1123 812 1156 Es
848 1109 878 1157 S
897 1123 926 1155 E
942 1123 979 1156 R
995 1120 1029 1154 V
1043 1124 1078 1155 A
1094 1122 1126 1156 T
1139 1123 1172 1155 0
1186 1122 1222 1156 S.
1260 1110 1355 1154 Non
1378 1108 1526 1168 hqstz'lia
1553 1126 1668 1154 arma

56 1172 235 1222 detraffia
259 1177 382 1222 vulis
396 1206 408 1227 ‚
444 1191 520 1220 non
546 1190 678 1219 currus
703 1173 955 1220 harbarorum
960 1173 1153 1238 sunguine
1163 1181 1307 1220 cruenti
1321 1205 1334 1226 ,
1370 1189 1567 1241 nonparta
1578 1174 1668 1221 bello

53 1241 194 1306 spolia.
229 1246 328 1288 Haec
353 1242 503 1289 divina
518 1242 773 1304 potentiaest,
802 1248 1000 1306 gegratz‘m
1011 1240 1066 1294 (J
1071 1241 1216 1305 publice
1220 1243 1409 1302 servare3
1445 1244 1579 1289 multos
1588 1260 1666 1288 au-

65 1320 143 1353 tem
163 1308 322 1356 occidere
350 1308 406 1363 &⁹
433 1307 644 1366 indistretos
667 1307 835 1354 incendit
855 1327 901 1353 ac
922 1315 1048 1354 ruinae
1063 1316 1232 1373 potentia
1255 1309 1303 1366 est
1327 1326 1338 1352 .-
1375 1308 1424 1355 &
1447 1307 1668 1357 Valerius
1690 1320 1838 1350 luz-0⁸2

65 1373 200 1422 Max.
221 1374 385 1424 scribit
396 1393 530 1422 corona
542 1372 588 1418 ob
602 1382 707 1420 cives
712 1375 891 1436 ſsrvatos
903 1373 1037 1420 danda
1041 1375 1158 1440 postes
1168 1375 1358 1440 Augustae
1371 1373 1505 1420 domus
1521 1374 1669 1439 sempi-

67 1440 310 1504 terna-gloria
321 1441 569 1508 triumphare.
607 1441 777 1503 Atque
793 1455 850 1488 ex
863 1455 926 1489 eo
939 1475 954 1496 ‚
989 1440 1127 1502 quod
1141 1439 1286 1489 fuerit
1302 1452 1444 1488 tantae
1458 1438 1665 1501 dignita-

67 1503 155 1561 tis,
190 1507 353 1555 lucem
379 1509 505 1570 capit
529 1507 664 1564 jocus
690 1504 898 1565 Augusti
910 1504 1037 1567 apud
1052 1502 1263 1565 Qintil.
1292 1504 1662 1553 utirecf’tcinter-
1686 1504 1837 1577 ιζ’-’3,

35 1618 37 1620 ,
67 1580 284 1631 pretatur
309 1571 638 1619 Casaubonus.
677 1567 772 1615 Sed
797 1567 897 1616 haee
917 1583 1033 1616 curn
1058 1568 1123 1615 ita
1147 1564 1264 1624 sint,
1302 1565 1546 1614 miraberis
1559 1581 1658 1614 me-
1685 1551 1768 1624 sssset‘,

68 1646 185 1681 cum
198 1635 370 1694 procul
384 1634 537 1684 dubio
553 1627 852 1680 paschalium
867 1630 1054 1679 tradere
1067 1665 1080 1685 ,
1116 1645 1354 1680 coronam
1369 1631 1573 1678 civicam
1589 1629 1657 1679 su·
1684 1642 1769 1681 Aug·

67 1709 153 1759 per
177 1694 363 1746 foribus
376 1700 676 1761 privatorum
692 1693 963 1757 suspensam
978 1692 1112 1743 fuiffe
1124 1729 1136 1748 ,
1163 1706 1307 1758 atque
1320 1694 1346 1743 a
1359 1694 1518 1742 domo
1531 1696 1660 1757 prin·
1681 1693 1812 1760 {³3²5

69 1760 186 1822 cipis
206 1759 266 1808 ad
292 1775 470 1810 eorum
481 1760 602 1808 aedes
614 1757 789 1806 sensim
804 1756 1034 1811 transisse,
1072 1758 1149 1806 vel
1162 1770 1292 1806 certe
1305 1758 1372 1805 ibi
1387 1756 1538 1806 visam
1553 1756 1660 1806 fuis-
1684 1756 1812 1817 cam.

67 1822 117 1870 se
140 1824 345 1872 civicam
371 1826 579 1888 pietam,
613 1832 696 1871 aut
721 1822 887 1885 quavis
899 1822 991 1870 alia
1004 1822 1194 1871 ratione
1211 1819 1487 1885 effigiatam.
1525 1822 1662 1870 Nam
1685 1820 1757 1898 {¹3
1774 1829 1798 1851 ¹·

70 1885 173 1936 haee
193 1885 307 1936 fidei
329 1890 482 1938 totius
510 1887 829 1948 Antiquitatis
850 1886 1161 1936 adversantur
1185 1903 1198 1939 3
1239 1886 1288 1934 &
1313 1883 1664 1938 vel'Caesarum
1705 1877 1721 1898 ²
1751 1888 1759 1899 '

68 1950 339 2014 zelotypia,
374 1954 458 2016 qui
484 1964 605 2013 aegre
628 1948 848 1998 ferebant
873 1948 1073 2012 insignia
1097 1952 1176 1998 sua
1200 1950 1301 1999 aliis
1313 1949 1439 2004 dari,
1477 1964 1664 1998 novam

31 2069 41 2078 Κ
70 2012 363 2064 sententiam
378 2016 696 2066 condemnat·
731 2013 964 2061 Producit
991 2025 1159 2062 tamen
1184 2012 1334 2063 Ovid.
1371 2013 1664 2076 loquentem

67 2076 133 2125 de
145 2076 309 2133 sacru,
343 2081 575 2143 auguriO,
612 2077 661 2123 ἀ
677 2077 872 2138 templis
889 2077 1106 2140 augustis,

229 2146 391 2209 Augeat
411 2152 616 2210 imperium
640 2143 756 2203 wistri
777 2146 894 2189 Ducis
907 2160 920 2187 .·
952 2156 1091 2208 augeat
1113 2161 1259 2200 annos,

317 2215 499 2277 Protegat
525 2210 580 2265 ὠ
609 2210 756 2269 nostras
779 2228 925 2275 querna
945 2227 1081 2257 corona
1093 2209 1211 2272 ftres.

70 2275 261 2336 Nostras·,
299 2278 350 2325 id
364 2278 452 2331 ests
495 2277 594 2334 ejus
607 2292 662 2325 ex
677 2288 871 2332 mente,
896 2274 1183 2338 fhresOvidii;
1225 2278 1319 2329 Sed
1327 2287 1498 2343 protegat
1511 2276 1665 2340 potest

71 2341 344 2391 commode
369 2338 659 2404 significare,
693 2340 897 2404 defendam
933 2343 1108 2392 deinde
1123 2345 1174 2392 in
1188 2358 1293 2393 uno
1306 2344 1549 2393 Vaticano
1571 2342 1666 2390 ele-

68 2417 237 2467 gauter
262 2405 690 2458 scribiturmerae'tas3
728 2408 841 2455 &in
856 2407 1315 2471 optimiscodicibus
1329 2407 1503 2469 vestran
1542 2418 1594 2454 nt
1606 2404 1667 2454 ad

12 2470 24 2478 ”
68 2468 428 2518 Germanicum
453 2469 714 2528 referatur,
754 2471 887 2527 cujus
911 2471 1118 2520 tutelam
1131 2473 1375 2533 gesturum
1392 2470 1669 2535 Augustum

65 2530 157 2582 hac
171 2533 411 2597 loquendi
427 2533 688 2590 formagvel
705 2548 836 2585 certe
848 2549 963 2584 eum
979 2550 1179 2598 quoque
1192 2537 1547 2599 Imperatorem
1561 2533 1671 2583 fore

63 2608 215 2659 optat.
261 2597 415 2661 Quod
441 2613 497 2646 ex
523 2600 837 2648 Tertulliano
849 2598 1015 2654 affert,
1052 2600 1175 2647 nihil
1188 2600 1363 2648 adrem
1378 2599 1517 2653 facit3
1555 2599 1671 2661 quia

59 2659 116 2709 in
130 2661 320 2725 publica
337 2662 498 2714 Iaetitia
511 2697 526 2722 ,
545 2664 691 2715 omni
704 2662 965 2715 frondium
977 2678 1156 2726 genere
1168 2664 1333 2727 januas
1342 2679 1518 2716 ornare
1532 2667 1581 2713 ὅ(
1592 2676 1671 2709 co-

945 2728 983 2778 E
1009 2741 1037 2776 e
1499 2740 1688 2785 tonare,
