2210 2985
496 133 515 166 1
532 125 594 174 56

493 192 654 244 modo
688 198 840 252 vittam
864 222 877 244 ‚
925 203 1096 241 verum
1122 189 1271 239 ctiam
1296 188 1482 238 diadema
1507 186 1751 253 appellant
1777 201 1787 235 τ
1834 186 1906 236 uti
1931 186 2094 239 Varro

494 257 621 322 apud
648 257 834 310 Festum
862 270 918 304 ex
944 254 1296 302 emendatione
1319 256 1575 319 scaligeri:
1614 253 1797 300 Mulieres
1822 266 1966 317 opertas
1977 272 2096 308 auro,

489 340 754 390 purpuraque:
787 320 934 382 arfinea
953 350 964 371 2
1006 332 1104 372 rete,
1139 318 1321 368 diadema
1334 353 1346 374 ‚
1381 338 1536 369 coronas
1558 336 1694 366 aureas
1707 352 1721 374 ,
1760 320 1898 381 ruſjbas
1912 318 2065 383 faftr'as
2080 353 2095 374 ³

494 391 669 457 galbeos,
702 391 848 442 limas,
876 385 1009 451 pelles,
1044 386 1293 443 redimicula:
1341 386 1689 443 Nemesianus,

751 480 818 492 --·
851 454 1048 519 implicitos
1067 453 1191 502 cohibe
1213 454 1431 502 diademate
1451 461 1586 501 crines.

500 524 550 573 δί
565 522 795 573 Prudent.
815 519 897 569 lib.
923 534 939 567 1
955 535 972 567 1
985 556 995 567 .
1011 520 1063 568 in
1079 522 1196 586 Sym
1204 537 1269 570 m.

649 627 654 632 ,
720 613 786 624 —-
820 586 994 632 crinalis
1015 604 1132 641 acm,
1166 587 1424 640 redimicula,
1461 593 1602 632 vittae:

629 650 795 707 Fibula,
815 651 1089 714 flammeolum
1105 689 1116 708 ‚
1140 655 1386 721 strophium,
1421 653 1628 704 diadema,
1664 652 1817 700 monde.

500 719 750 771 Lucretius
762 719 999 770 anadmata
1010 733 1151 770 vocat
1166 739 1178 775 ς

628 789 683 832 Et
703 785 790 834 bem
810 800 927 853 parta
944 800 1104 853 patrum
1115 787 1222 850 fiunt
1245 785 1480 834 mmdemata
1497 818 1510 838 ,
1550 793 1696 831 mitrae.

501 851 672 899 Antro
712 854 894 903 adstans
930 855 1128 915 ignotus
1163 854 1237 901 vir
1270 854 1488 901 tunicam
1526 863 1673 913 atque
1709 852 1912 916 pallium
1938 853 2095 914 gerit:

497 915 636 977 quod
659 916 767 966 luce
793 918 1063 966 meridiana
1087 918 1256 967 clarius
1282 929 1411 981 patet
1437 915 1726 978 quadratum
1754 917 1845 964 effe
1874 951 1888 971 ‚
1940 917 2015 966 vel
2041 932 2098 964 ex

497 993 667 1041 panno
692 981 929 1044 quadrato
947 981 1163 1030 constare
1177 1017 1189 1037 ,
1227 983 1274 1030 ὃς
1290 993 1500 1044 quatuor
1513 979 1716 1042 angulos
1730 980 1935 1035 habere3
1971 980 2099 1029 duos

498 1044 552 1090 in
580 1040 847 1106 superiori,
881 1045 1003 1094 duos
1026 1047 1079 1093 in
1106 1046 1334 1095 inferiori
1357 1061 1470 1097 ora;
1507 1044 1774 1106 quomodo
1800 1044 2005 1108 pallium
2018 1044 2098 1092 de-

496 1106 660 1155 scribit
680 1108 911 1159 Albertus
934 1109 1202 1158 Rubenius.
1243 1110 1367 1158 Sane
1392 1109 1474 1157 hic
1488 1106 1811 1158 biniduarum
1826 1109 2100 1157 extremita-

494 1181 604 1217 tum
628 1173 791 1233 anguli
823 1173 1128 1235 dependent,
1166 1189 1288 1223 unus
1313 1174 1463 1236 usque
1489 1186 1671 1233 genua,
1709 1173 1829 1221 alter
1852 1171 2002 1235 usque
2016 1187 2098 1235 pe-

493 1233 599 1288 des,
635 1237 849 1300 reliquos
873 1249 1064 1294 autem,
1100 1239 1241 1288 utiex
1257 1235 1658 1294 circumjeffione
1683 1248 1838 1302 patet,
1873 1251 2024 1284 manu
2048 1237 2097 1285 δί

498 1297 702 1349 brachio
728 1300 915 1354 sinistro
928 1303 1152 1352 continet
1167 1294 1328 1351 homo
1343 1302 1519 1351 noster.
1556 1298 1697 1360 Quin
1712 1302 1760 1349 ὅ(
1774 1299 1981 1349 eandem
1995 1299 2099 1348 for-

497 1377 634 1411 mam
651 1363 875 1414 observes
889 1366 941 1413 in
955 1366 1105 1428 pallio
1139 1370 1186 1417 T
1200 1383 1236 1416 R
1248 1382 1285 1414 A
1301 1379 1335 1413 G
1349 1379 1416 1414 oE
1433 1379 1467 1413 D
1486 1378 1504 1412 1
1518 1378 1565 1410 Αἰ
1584 1398 1597 1419 ,
1637 1380 1853 1415 necnon
1868 1366 1920 1413 in
1939 1364 2063 1413 veste
2079 1399 2093 1420 ,

497 1442 591 1490 qua
615 1429 862 1478 Homerus
885 1431 938 1477 in
952 1430 1179 1495 Olympo
1193 1429 1399 1479 residens
1412 1428 1701 1478 inferiorem
1716 1441 1906 1493 partem
1920 1443 2093 1491 corpo-

325 1502 401 1569 ξιξ).
424 1515 451 1540 ς.
497 1492 559 1540 ris
583 1491 728 1542 habet
754 1494 974 1543 velatam.
1014 1495 1268 1571 Appianus
1292 1493 1456 1541 scribit
1481 1494 1556 1541 M.
1577 1493 1864 1543 Antonium
1891 1493 2094 1546 ςσλῑαέπ-

329 1562 400 1592 Ἄρ.
414 1561 442 1582 v.

326 2211 398 2243 Lib.
418 2222 444 2247 3.

326 2408 398 2442 Lib.
414 2422 444 2442 ι.

499 1557 697 1617 τξοὶγωνον
720 1559 935 1604 {muscula}
957 1559 1032 1604 οἱνῖὶ
1056 1569 1082 1612 ς
1110 1564 1252 1611 meve&
1267 1594 1280 1613 ,
1315 1557 1364 1605 id
1392 1558 1482 1615 est,
1520 1557 2093 1626 Pallittmpro'togafhmpfiffi:

498 1621 807 1672 Tertulliano
839 1623 1006 1690 pallium
1028 1637 1227 1675 vocatur
1250 1624 1475 1684 extrinstecm
1514 1624 1668 1672 habitus
1709 1626 1764 1681 ὅ)
1799 1628 1871 1692 zpffi
1916 1624 1965 1680 Q
1980 1637 2018 1671 U
2031 1639 2090 1672 A-

498 1698 533 1731 D
548 1700 585 1733 R
598 1700 633 1734 A
648 1700 689 1734 N
705 1701 740 1735 G
752 1701 792 1736 U
805 1703 838 1739 L
854 1704 893 1737 U
905 1705 950 1738 s:
988 1690 1209 1753 illudque
1244 1692 1308 1740 ita
1343 1690 1551 1752 loquens
1573 1692 1903 1742 introducitur
1917 1708 1930 1744 3
1968 1696 2092 1734 omma

496 1749 731 1798 Liberalitas
745 1753 968 1813 studiorum
1004 1755 1056 1818 Q
1072 1769 1109 1803 U
1121 1770 1156 1802 A
1173 1768 1205 1802 T
1221 1770 1261 1805 U
1274 1771 1307 1804 0
1321 1768 1359 1801 R
1396 1754 1454 1801 M
1472 1767 1501 1800 E
1517 1767 1538 1800 Ι
1553 1769 1576 1801 S
1610 1755 1661 1803 A
1674 1769 1714 1802 N
1731 1771 1761 1803 G
1776 1770 1816 1803 U
1829 1771 1862 1804 L
1880 1769 1900 1803 Ῑ
1913 1768 1935 1800 S
1968 1756 2091 1816 ‘'U‘sti‘

496 1829 583 1870 tur-3
623 1817 672 1865 id
689 1819 778 1871 est>
815 1834 992 1869 omnes
1015 1820 1100 1881 qui
1125 1818 1287 1868 studiis
1310 1831 1511 1879 operam
1526 1817 1668 1873 dant,
1703 1831 1757 1867 ut
1770 1817 2057 1883 Philosophi
2073 1855 2087 1876 ,

496 1883 675 1945 aliique
698 1897 779 1932 me
794 1896 1005 1946 quatuor
1026 1884 1174 1934 latera
1198 1883 1246 1930 ὃ(
1261 1881 1464 1945 angulos
1479 1881 1684 1939 bahem,
1720 1883 1947 1932 induunt.
1984 1885 2036 1932 N
2041 1900 2086 1931 e-

495 1963 592 2009 que
606 1947 742 1995 enim
755 1982 768 2004 ,
803 1960 858 1997 ut
870 1963 1039 1998 verum
1053 1948 1201 1998 fatear
1213 1982 1226 2002 ,
1261 1962 1356 2009 ego
1369 1946 1614 2008 percipere
1625 1946 1813 2010 possum
1826 1982 1838 2003 ‚
1875 1962 2086 2010 quomo-

498 2012 567 2058 do
590 2026 664 2060 res
685 2011 843 2075 aliqua
869 2016 1134 2073 nrex‘ywv&
1149 2011 1243 2059 dici
1267 2006 1440 2075 possit,
1476 2007 1563 2058 nist
1577 2023 1789 2074 quatuor
1800 2011 2089 2076 velaequalia

497 2075 575 2123 vel
599 2076 848 2137 inaequalia
874 2077 1018 2126 latera
1040 2075 1238 2128 habeam
1277 2076 1324 2124 &
1337 2075 1570 2137 quicquid
1582 2088 1986 2125 commententur
2000 2077 2086 2124 viri

498 2134 764 2186 doffiffimi
779 2173 792 2193 ‚
827 2141 1035 2190 arbitror
1060 2141 1186 2189 hanc
1200 2134 1599 2202 simplicissimam
1616 2140 1665 2187 &
1677 2136 1973 2189 veriffimam
1989 2159 2088 2206 qua-

497 2203 704 2249 dratarum
728 2204 898 2264 vestium
934 2204 1316 2267 explicationem
1350 2202 1455 2250 effe.
1492 2203 1570 2252 Sic
1594 2204 1855 2266 Dionysius
1875 2205 2086 2256 Halicar-

498 2265 716 2318 naffenfis
738 2270 994 2333 Lydorum
1015 2269 1065 2317 ὃς
1089 2266 1338 2316 Persarum
1365 2268 1558 2327 Regum
1574 2268 1714 2330 pallia
1728 2269 1841 2317 facit
1856 2273 2088 2332 meolywm

499 2341 557 2393 τῷ
578 2334 748 2394 offoca&
767 2351 779 2386 ;
817 2333 869 2381 &
895 2331 1068 2384 Strabo
1091 2331 1221 2381 haud
1236 2331 1397 2381 multo
1421 2330 1558 2379 aliter
1583 2331 1898 2398 chlamydem
1913 2333 2086 2383 descri-

499 2397 594 2451 bit3
632 2399 745 2462 quia
767 2411 944 2448 terram
959 2395 1131 2460 probat
1144 2393 1234 2444 effe
1249 2396 1565 2453 areima-stapam
1600 2396 1768 2460 illique
1785 2413 1903 2446 mox
1916 2399 2087 2448 tribuit
2109 2433 2116 2440 .

499 2470 630 2528 χῖμοι
653 2468 956 2523 χλαμυὸοεώἑς
974 2493 986 2513 ,
1006 2461 1187 2526 figuram
1215 2460 1407 2525 chlamydi
1416 2461 1617 2521 ssmilem3
1651 2462 1763 2509 licet
1776 2476 1943 2511 revera
1956 2464 2085 2512 chla-

498 2542 606 2589 mys
631 2541 736 2575 non
762 2527 905 2590 plane
926 2526 1072 2576 fuerit
1097 2526 1352 2589 quadrata,
1388 2539 1441 2576 ut
1462 2538 1517 2576 ut
1540 2537 1750 2590 quatuor
1774 2527 1979 2588 angulos
2003 2526 2086 2576 ha-

498 2588 669 2638 buerit.
706 2591 897 2641 Verum
911 2605 1066 2654 operae
1079 2591 1292 2653 pretium
1308 2606 1389 2638 me
1413 2590 1654 2640 fafitutum
1668 2588 1874 2637 arbitror
1885 2624 1899 2645 ‚
1934 2586 1967 2637 fi
1981 2605 2086 2652 quae

499 2653 558 2704 de
572 2654 695 2705 veste
708 2669 762 2720 ea
774 2654 900 2706 mihi
913 2665 1081 2705 notata
1093 2651 1201 2704 sunt
1214 2653 1437 2720 adjiciam
1449 2677 1461 2711 ‚-
1502 2656 1552 2703 &
1563 2653 1777 2716 aliquam
1791 2653 2088 2764 lucem-cisun

1950 2731 1999 2781 lp
2022 2732 2091 2767 ius
