2210 2985
1635 132 1655 170 3
1673 132 1722 175 {3

128 184 205 233 vix
222 183 400 242 obici-ti
415 181 602 245 magnis
619 180 888 244 sumptibus
901 187 1348 248 aggeres-refilium<
1384 187 1466 236 iile
1489 205 1609 249 azurc
1635 207 1723 242 un-

126 248 209 297 das
233 248 334 296 suas
359 247 617 308 propellit5
666 245 759 293 slve
785 262 893 295 eam
917 249 1246 299 calamitatem
1270 247 1548 301 introduxi?
1567 259 1723 306 arenis

123 313 353 360 vallatum
367 325 519 373 prope
533 311 968 360 armamentarium
983 314 1334 364 Romanorum
1350 315 1515 364 Rheni
1527 319 1721 378 ostium,

121 373 215 423 five
229 375 347 422 foffa
363 372 757 437 Drufiana‚patris
770 373 801 420 s
791 376 854 430 ui,
871 388 924 423 ut
939 375 1000 425 fic
1011 378 1201 440 loquar,
1215 379 1365 427 undas
1379 380 1717 444 intercipiens,

119 436 213 486 five
229 438 343 486 folia
361 438 667 487 Corbulonis
681 473 695 494 ‚
722 439 885 487 media
909 441 1036 489 inter
1051 443 1347 505 Lugdunum
1364 443 1654 493 Batavorum
1669 447 1717 495 <Se

121 502 321 551 Mosam
335 501 489 551 fluens
504 536 517 556 ,
542 500 634 549 five
647 503 799 550 Lecca
813 538 824 557 ‚
851 504 925 551 vel
943 505 1104 554 alveus
1120 541 1131 560 ‚
1159 509 1211 555 in
1227 522 1378 569 quem
1392 508 1595 565 disjectis
1607 525 1715 558 mo-

119 565 244 615 libus
258 566 494 615 Rhenum
508 600 521 621 ‚
546 565 722 613 effudit
740 567 821 615 Cl.
839 567 1013 616 Civilis
1032 585 1047 622 ς
1086 567 1177 618 five
1190 569 1327 633 quod
1340 573 1512 619 omnia
1529 585 1716 623 mutare

118 642 250 678 amat
286 642 493 694 tempus.
564 630 660 677 Sed
685 630 882 679 sentiret
907 631 1008 694 ipse
1033 648 1149 682 cum
1175 634 1310 681 terris
1335 669 1349 690 ‚
1383 650 1500 697 quas
1535 637 1715 694 ambit,

117 710 252 742 nunc
279 696 608 758 captivitatem
633 692 766 742 suam
804 696 901 743 RH
919 710 946 743 E
963 709 1003 743 N
1020 711 1057 744 U
1073 713 1119 752 s,
1155 713 1409 761 paenasque
1434 700 1588 747 lueret
1616 701 1715 750 dati

116 759 163 807 T
182 775 216 807 R
234 774 269 806 A
284 772 311 822 J
332 774 358 806 E
377 774 406 806 c
424 774 453 806 T
470 772 544 808 Us
570 792 583 812 ,
629 757 716 806 nifi
743 774 863 821 aegre
902 760 1042 824 Reip.
1082 759 1305 823 singulari
1341 762 1434 810 Dei
1480 764 1644 813 INDu
1660 779 1714 813 L-

116 836 386 871 GENTIA
410 822 689 871 datusforet
716 823 1119 873 IMP.TERRA
1149 827 1306 873 MAR
1327 839 1483 890 [φης
1512 827 1713 877 OPTI-

114 899 273 942 MUS,
300 887 533 950 idemque
556 888 972 937 LIBERATOR
998 889 1307 944 Raram,
1334 890 1382 936 ὃς
1410 892 1714 942 CONSER-

113 964 201 998 vn
221 967 351 1000 ToR
387 953 476 999 RE
498 965 572 998 ΤΡ.
629 966 781 1014 quem
817 954 1050 1001 omnibus
1088 987 1101 1008 ‚
1163 968 1267 1015 quae
1314 953 1405 1001 RE
1426 969 1712 1005 CToREM

113 1029 170 1063 ex
197 1016 416 1064 nummis
441 1014 689 1070 formant,
725 1015 943 1070 dotibus,
978 1029 1209 1065 ornatum
1236 1016 1326 1063 effe
1349 1033 1453 1066 non
1480 1018 1712 1068 fine-insa-

111 1078 264 1126 tiabili
288 1080 469 1141 gaudio
491 1079 779 1144 adspicimus
804 1081 851 1127 &
877 1080 1127 1129 miramur.
1175 1080 1363 1129 Verum
1379 1095 1432 1130 ut
1445 1083 1504 1130 ad
1528 1098 1713 1146 propo-

110 1141 256 1190 situm
290 1156 499 1192 revertar
527 1180 540 1201 ‚
576 1147 1042 1201 REsTITUTOR
1077 1146 1465 1194 EXERCITus
1501 1146 1710 1206 Probus,

108 1207 517 1258 Resriru-fA
566 1208 783 1257 LEGIO
830 1209 1044 1256 Aureoli
1069 1231 1081 1264 ‚-
1130 1210 1519 1258 EXERcITus
1553 1211 1709 1260 ΒΗΤ-

111 1284 471 1320 TANNICUS
493 1308 506 1329 ‚
555 1273 1030 1322 GERMANICUS
1053 1308 1066 1328 ‚
1113 1273 1491 1322 ILLYRIcUs
1515 1309 1528 1330 ‚
1577 1274 1707 1324 DA-

104 1350 132 1384 c
148 1348 169 1382 1
185 1352 210 1384 c
225 1350 262 1383 U
277 1351 297 1383 s
331 1337 512 1386 limites
535 1335 832 1385 muniendos
854 1335 1007 1383 firmis
1029 1336 1249 1398 praesidiis
1273 1354 1286 1389 3
1338 1338 1555 1400 legiones
1577 1337 1706 1396 justo

105 1399 292 1454 milite,
311 1414 452 1456 non,
478 1401 576 1448 fine
600 1401 833 1447 exercitus
858 1398 1065 1455 robore,
1100 1415 1316 1449 numero
1339 1401 1596 1464 explendas
1618 1403 1710 1453 effe

104 1474 153 1512 te
176 1465 359 1513 docent
386 1481 395 1510 :
451 1466 503 1513 N
520 1478 701 1512 ERON
725 1478 742 1510 1
763 1478 783 1510 s
815 1463 864 1509 D
880 1476 910 1508 E·
925 1478 994 1510 cu
1010 1478 1084 1510 Rs
1099 1478 1167 1511 10
1210 1466 1464 1527 optimum
1490 1465 1706 1516 militem

102 1528 448 1582 exercitatum,
486 1527 756 1590 proculque
778 1541 833 1574 ac
845 1526 1000 1574 castris
1024 1526 1302 1584 habendos,
1329 1529 1441 1591 qui,
1466 1540 1520 1577 ut
1535 1527 1702 1578 AEmi-

100 1592 192 1640 lius
206 1591 329 1640 olim
345 1593 517 1641 Paulus
529 1589 767 1647 disseruit,
792 1591 844 1638 in
869 1590 1108 1640 conviviis
1132 1593 1366 1641 exercitus
1382 1593 1592 1646 ducunt,
1618 1596 1702 1643 ubi

100 1656 243 1705 eastra
267 1655 475 1705 locanda
501 1692 513 1712 ‚
560 1671 665 1719 quae
689 1656 798 1705 loca
823 1652 1041 1718 praefidiis
1074 1656 1358 1721 occupanda
1385 1656 1476 1704 fint
1512 1657 1700 1713 sciunt,

98 1721 293 1770 testatur
328 1737 340 1772 3
393 1720 438 1768 D
457 1735 554 1769 Isc
571 1736 589 1767 1
612 1734 689 1768 PL
708 1734 832 1768 INA
876 1718 1076 1769 tandem
1102 1721 1338 1770 Hadriani
1370 1721 1418 1770 &
1444 1723 1701 1773 Antonini

96 1785 171 1834 Pii
208 1784 410 1840 suadet,
457 1785 711 1835 summum
746 1796 891 1833 tuum
923 1798 1104 1833 munus
1139 1785 1356 1833 militem
1392 1787 1650 1834 continere
1680 1808 1695 1846 3

97 1851 504 1914 disciplinamque
532 1850 799 1898 militarem
826 1848 967 1911 praeci
1005 1864 1126 1898 uum
1163 1850 1307 1899 decus
1335 1850 1382 1897 ὅ(
1406 1849 1696 1900 stabilimen·
1719 1851 1846 1917 vastia*

93 1927 203 1965 tum
229 1913 319 1961 effe
346 1915 566 1977 imperii,
592 1924 736 1976 atque
760 1914 812 1961 in
836 1913 935 1971 ejus
977 1927 1061 1960 inu
1083 1928 1138 1962 ac
1161 1913 1311 1963 tutela
1326 1914 1553 1963 serenum
1569 1927 1696 1964 tran·
1721 1901 1861 1932 ”³¹¹¹h‘

92 1981 406 2043 quillumque
423 1980 569 2028 beatae
599 1978 741 2040 Reip.
768 1977 942 2026 statum
969 1978 1281 2039 acquiescere.
1355 1977 1567 2027 Reddita
1592 1994 1691 2042 rep.

93 2044 155 2094 ab
168 2042 384 2090 hostium
396 2044 581 2103 injuriis
602 2043 651 2089 ὃς
676 2041 824 2089 minis
847 2051 948 2089 tuta
964 2075 978 2096 ‚
1006 2040 1242 2104 rebusque
1255 2042 1314 2090 ad
1340 2057 1454 2091 eum
1482 2043 1694 2092 modum

93 2104 378 2170 compositis
391 2141 404 2161 ,
428 2119 481 2155 ut
496 2104 528 2154 si
542 2106 675 2154 bello
688 2104 916 2153 lacefferis
929 2139 941 2160 ,
966 2103 1200 2166 supereffe
1225 2105 1314 2154 tibi
1338 2108 1439 2155 vim
1455 2107 1502 2153 Sc
1519 2107 1696 2156 volun-

93 2183 246 2220 tatem
262 2170 423 2233 palam
437 2169 489 2218 fit
503 2168 745 2219 resistendi
758 2205 770 2225 ‚
797 2169 857 2217 ad
882 2169 995 2231 reip.
1024 2169 1251 2218 membra
1274 2171 1377 2220 viva
1401 2170 1450 2219 id
1465 2170 1528 2219 est
1541 2171 1693 2228 civeS,

92 2250 312 2299 quorum
327 2234 424 2297 ipse
439 2233 697 2283 consilium
711 2269 724 2290 ,
742 2249 881 2282 mens
897 2270 910 2291 ‚
937 2234 985 2280 ὃς
1001 2231 1186 2295 spiritus
1200 2234 1353 2283 vitalis
1367 2249 1414 2283 es
1427 2269 1441 2290 ,
1467 2234 1692 2283 animum

90 2301 277 2364 applica
302 2317 313 2346 z
364 2311 516 2362 utque
541 2299 575 2347 P
589 2313 613 2348 1
630 2314 660 2347 E
677 2313 709 2346 T
727 2315 759 2346 A
775 2313 807 2346 T
823 2311 853 2345 E
868 2311 915 2346 Μ
941 2312 1051 2359 erga
1080 2298 1245 2347 Deum
1259 2333 1273 2354 ‚
1309 2300 1374 2347 ita
1401 2298 1695 2362 :impleuere

91 2363 111 2430 J
132 2379 206 2413 Us
222 2379 253 2412 T
280 2380 297 2412 1
318 2378 350 2411 Τ
373 2376 441 2411 {A
456 2376 504 2411 M
530 2378 642 2425 erga
666 2363 894 2411 homines
917 2398 930 2419 ,
967 2360 1228 2410 dominam
1251 2362 1387 2411 illam
1414 2362 1694 2423 &reginam

86 2429 254 2476 omnis
272 2429 462 2476 virtutis
488 2444 502 2480 3
539 2441 644 2490 quae
670 2427 770 2476 sola
795 2426 1047 2475 bonorum
1073 2426 1296 2475 virorum
1321 2427 1492 2476 titulos
1515 2426 1695 2482 donat,

34 2538 37 2539 γ
86 2507 193 2555 quae
218 2491 405 2541 bellum
445 2491 806 2540 internecivum
842 2491 971 2538 vitiis
1006 2488 1180 2538 indicit
1207 2525 1221 2546 ,
1256 2507 1361 2554 quae
1397 2492 1577 2554 pestem
1603 2489 1693 2537 hu-

85 2559 224 2605 mani
245 2556 433 2620 generis
461 2555 742 2611 iniustitiam
777 2555 949 2604 domat
972 2571 985 2607 ;
1034 2553 1083 2600 ὅ(
1110 2555 1216 2617 ipso
1252 2554 1382 2619 quasi
1409 2554 1617 2604 nomine
1643 2566 1691 2600 te

81 2619 308 2672 hortatur
333 2643 346 2682 5
381 2620 534 2684 Honeste
568 2630 716 2669 vivere
740 2653 755 2677 ‚
791 2622 958 2670 alterum
990 2635 1068 2666 non
1099 2618 1236 2670 laedcre
1263 2654 1277 2678 ,
1324 2619 1381 2676 ὠ
1414 2621 1528 2681 fixum
1560 2629 1692 2729 cquue

101 2692 104 2693 ⁷
901 2688 950 2738 R
1546 2692 1599 2732 tri
1625 2702 1692 2731 cte-
