2210 2985
446 132 536 177 312

444 197 661 258 ici-ibunt
675 198 721 245 ὃ(
740 197 997 247 inculcant.
1020 194 1302 243 Aristoteles
1317 193 1490 242 doeior
1501 193 1708 253 inclytus
1718 195 1770 243 ’ὃς
1788 208 1910 258 ‘apex
1925 196 2041 246 Phi-

443 260 766 324 lolophorum
786 297 798 317 ‚
833 262 1015 324 quique
1030 273 1155 307 unus
1179 259 1369 321 optime
1389 259 1621 321 perspexit
1644 259 1763 320 quid
1787 260 1839 307 in
1862 262 2036 322 cogni-

444 325 582 372 tione
608 341 773 373 rerum
800 323 979 372 salubre
994 321 1048 370 fit
1061 322 1109 368 ὅ(
1123 321 1411 385 frugiferum
1427 356 1440 378 ‚
1479 325 1577 375 AL
1593 335 1622 367 E
1636 334 1669 367 X
1682 336 1719 368 A
1735 333 1775 369 N
1790 337 1876 371 DR
1892 339 1925 371 o
1950 324 2038 373 suo

447 389 618 436 auctor
632 386 970 436 estevolvendi
981 387 1197 434 alacriter
1212 386 1454 442 majorum
1470 399 1543 434 res
1565 385 1724 447 gestas.
1743 386 2041 436 AUGUSTUS

447 466 504 499 ex
518 452 766 513 utriusque
781 453 956 512 linguae
969 449 1243 498 aueroribus
1266 462 1496 512 praecepta
1519 448 1712 512 publice
1737 450 1785 496 ὅ(
1810 450 2039 513 privatim

447 514 873 579 salubria-excerpit
888 549 901 570 ‚
935 526 1080 576 atque
1094 513 1153 561 ad
1176 515 1223 561 R
1237 528 1266 561 Ε
1283 528 1310 561 C
1327 528 1357 561 T
1372 528 1406 561 o
1420 529 1457 561 R
1472 527 1501 560 E
1516 527 1538 559 s
1564 512 1933 573 provinciarum
1956 526 2039 562 aut
2066 524 2070 527 ⁴

447 577 575 626 ur'ois
589 579 882 641 magistratus
897 579 1048 625 mittit
1065 595 1075 625 ε
1113 575 1302 626 Basilius
1314 579 1537 626 Leonem
1550 576 1708 624 filium
1723 576 1957 630 hortatur,
1971 632 1973 635 f
1987 590 2042 627 ut

448 657 703 704 nunquam
719 642 968 691 historiam
982 653 1089 690 vete
1097 656 1198 689 rem
1212 641 1273 689 de
1286 640 1508 690 manibus
1521 640 1764 702 deponat,-
1791 640 1839 686 &
1851 641 1915 688 ita
1930 656 2041 704 pro-

449 705 684 754 culdubio
705 705 892 770 paribus
913 704 1148 768 suffrag-iis
1184 705 1476 753 damnarent
1510 702 1816 752 ferocitatem
1844 704 2041 754 Gotho-

448 783 558 817 rum
573 779 836 832 procerum
850 805 862 824 ‚
898 770 983 832 qui
996 769 1224 817 convitiis
1237 770 1443 817 lacerare
1456 783 1563 815 non
1576 766 1859 825 dubitarunt
1871 767 2041 818 The0=

450 832 605 881 dorici
632 837 753 897 regis
777 834 1044 897 conjugem
1069 831 1505 886 Amalasuntham‚
1540 830 1679 894 quod
1696 830 2042 882 Athalaricum

449 895 606 944 filium
623 899 735 946 &in
752 898 882 961 spem
897 897 1115 945 florentis
1142 896 1276 961 regni
1300 897 1526 958 genitum
1543 929 1555 950 ,
1592 895 1830 943 Romanis
1853 896 2043 946 imbue-

451 972 525 1007 ret
541 960 807 1025 Graecisque
820 963 1002 1010 litteris.
1041 962 1191 1009 HacP
1209 974 1227 1007 1
1246 975 1274 1007 E
1290 974 1321 1007 T
1342 975 1373 1007 A
1390 974 1422 1007 T
1443 974 1468 1007 Ε
1483 993 1495 1013 ,
1530 957 1621 1006 hac
1636 959 1666 1007 S
1680 973 1717 1006 A
1734 973 1762 1006 P
1782 972 1802 1006 1
1817 975 1846 1007 E
1862 974 1903 1008 N
1919 975 1951 1008 T
1971 974 2040 1009 IA

451 1024 719 1074 succinctus
734 1061 745 1082 ‚
785 1028 940 1089 arripe
962 1026 1110 1073 etiam
1135 1024 1405 1073 humanam
1446 1023 1479 1070 P
1493 1038 1530 1071 R
1545 1038 1579 1070 o
1592 1037 1627 1070 v
1643 1036 1663 1070 Ι
1678 1036 1713 1069 D
1729 1037 1760 1070 E
1778 1035 1817 1069 N
1831 1038 1863 1072 T
1882 1038 1901 1071 Ι
1920 1040 1951 1072 Α
1968 1038 2016 1072 M
2031 1041 2044 1076 ;

452 1088 502 1134 &
516 1089 652 1150 quod
679 1091 952 1138 maximum
965 1125 978 1146 ,
1016 1088 1321 1153 dignumque
1348 1087 1536 1149 semper
1562 1085 1632 1136 AE
1650 1102 1682 1134 Τ
1698 1101 1728 1133 Ε
1742 1103 1779 1136 R
1793 1101 1834 1135 N
1847 1091 1904 1136 A'
1919 1088 1979 1136 M
1995 1103 2043 1136 Ε-

454 1164 503 1199 Μ
520 1167 552 1199 o
568 1166 642 1200 Rs
660 1169 690 1200 A
724 1171 846 1218 opus
860 1155 923 1203 est
936 1188 948 1208 ‚
983 1168 1158 1216 corpus
1171 1152 1365 1216 imperii
1380 1151 1439 1199 ab
1455 1150 1670 1199 hostibus
1688 1150 1833 1209 redde
1849 1163 2012 1201 tutum
2029 1187 2044 1209 ‚

454 1216 504 1262 ὅ(
530 1217 712 1266 exstrue
734 1234 848 1267 cum
872 1217 1189 1266 Diocletiano
1202 1251 1216 1272 ‚
1261 1217 1346 1280 qui
1368 1230 1474 1263 non
1499 1213 1686 1263 dubitat
1717 1214 1844 1264 hanc
1878 1231 2045 1265 curam

455 1279 592 1328 PRo
608 1293 641 1325 v
658 1296 675 1329 1
692 1296 767 1329 DE
788 1297 822 1330 N
837 1297 868 1330 T
885 1295 1016 1330 IAM
1061 1295 1232 1329 vocare
1248 1315 1261 1335 ‚
1321 1281 1648 1327 munimenta.
1712 1278 1743 1326 S
1759 1291 1892 1327 ALU
1907 1293 1938 1327 T
1955 1293 2047 1328 ΕΜ

454 1341 1016 1394 PROVINCIARUM
1041 1343 1305 1398 Rhenum,
1343 1344 1675 1391 SALUTEM
1707 1342 1898 1391 ΚΕΗ).
1926 1344 2046 1394 DA-

454 1419 495 1453 N
511 1422 543 1453 u
557 1423 586 1455 Ε
606 1421 625 1455 1
641 1424 672 1457 u
686 1423 733 1456 M
767 1409 1010 1472 appellant
1032 1407 1321 1456 Posthumus
1345 1408 1394 1454 &
1431 1407 1641 1468 Magnus
1667 1406 2044 1461 Constantinuss

389 1497 392 1500 -
454 1470 531 1517 SE
549 1485 856 1521 cuRITAT
874 1486 964 1520 ΕΜ
999 1473 1082 1520 Pu
1100 1486 1176 1518 BL
1199 1488 1217 1519 1
1238 1483 1382 1519 CAM
1412 1470 1714 1531 Euphratem
1735 1467 1889 1525 forte,
1917 1482 2047 1520 certe

454 1533 660 1584 fluvium
675 1536 780 1584 Rex
795 1538 990 1600 Regum
1015 1536 1060 1584 H
1075 1549 1111 1583 A
1124 1548 1164 1582 N
1185 1552 1202 1583 1
1227 1550 1257 1583 Β
1270 1550 1307 1583 A
1323 1548 1355 1582 L
1370 1549 1402 1582 L
1420 1548 1437 1580 1
1459 1547 1495 1581 A
1513 1547 1548 1580 N
1565 1548 1597 1581 u
1610 1547 1661 1590 83
1685 1531 2047 1597 significantque

456 1598 512 1646 iis
525 1601 672 1646 arceri
686 1600 847 1650 hostes
860 1636 872 1654 ,
906 1600 1210 1661 fluminaque
1235 1614 1342 1648 non
1368 1597 1567 1645 minimi
1593 1598 1843 1645 momenti
1872 1612 2046 1662 propu-

456 1664 658 1724 gnacula
671 1662 774 1712 effe.
814 1665 924 1713 Hoc
935 1662 1145 1713 confilio
1172 1664 1237 1711 D.
1253 1662 1498 1724 Augu-stus
1522 1660 1836 1709 constitutam
1864 1661 2050 1711 Princi-

457 1727 751 1789 pisnomine
764 1730 942 1791 Remp.
961 1727 1082 1777 mari
1095 1727 1304 1776 Oceano
1327 1738 1409 1774 aut
1432 1724 1656 1774 amnibus
1676 1725 1961 1789 longinquis
1984 1725 2050 1774 se-

456 1790 569 1854 psit:
606 1791 875 1841 Hadrianus
891 1794 1026 1853 (nam
1039 1805 1187 1854 quam
1201 1791 1281 1840 alii
1295 1790 1531 1839 invidiam
1545 1788 1715 1837 dicunt
1728 1823 1741 1843 ‚
1777 1789 1896 1851 quid
1919 1800 2051 1838 vetat

458 1869 635 1904 vocate
660 1855 694 1904 P
710 1871 744 1904 R
763 1872 796 1904 o
809 1870 845 1904 v
865 1871 881 1903 1
902 1871 936 1903 D
950 1871 981 1904 Ε
996 1869 1037 1904 N
1055 1869 1087 1902 T
1109 1869 1126 1901 1
1146 1870 1182 1904 A
1201 1868 1245 1902 M
1261 1856 1294 1917 ?)
1330 1853 1552 1902 medium
1565 1853 1691 1900 inter
1704 1852 1862 1900 Persas
1875 1853 1924 1899 ὃς
1946 1854 2053 1902 Ro-

456 1934 632 1968 manos
665 1919 880 1968 abdicata
915 1918 1280 1980 Mesopotamia
1319 1917 1619 1981 Euphratem
1654 1930 1844 1965 currere
1886 1912 2019 1975 juffit
2035 1934 2049 1969 3

458 1984 839 2047 exemplumque
852 1998 1006 2047 nuper
1016 1981 1144 2030 triste
1157 1982 1304 2045 patria
1317 1981 1409 2030 fuit
1421 2016 1434 2036 ‚
1459 1995 1573 2030 cum
1587 1979 1791 2028 Rhenus
1805 1993 1890 2042 per
1899 1979 2055 2030 nudas

456 2045 586 2112 quasi
605 2062 766 2096 arenas
777 2047 930 2097 fluens
943 2082 956 2104 ‚
992 2047 1189 2108 &aquis
1201 2045 1370 2095 orbata
1382 2043 1499 2094 foffa
1513 2042 1655 2092 Drusi
1670 2077 1683 2099 ‚
1720 2043 1889 2092 Gallos
1913 2045 1965 2092 in
1988 2045 2054 2094 vi-

460 2114 588 2161 scera
599 2114 698 2169 eju-s
710 2111 925 2165 admifit3
963 2112 1194 2159 &murus
1215 2110 1298 2158 ille
1323 2108 1616 2157 immortalis
1632 2141 1644 2162 ,
1679 2107 1819 2155 liceat
1845 2108 1911 2155 ita
1936 2123 2053 2156 cum

458 2178 585 2227 Nilo
607 2176 844 2225 Rhenum
870 2190 1066 2230 vocare,
1113 2175 1196 2223 SA
1210 2187 1319 2222 Lus
1334 2187 1414 2238 (ξφ
1432 2173 1557 2221 olim
1603 2172 1640 2219 P
1656 2187 1693 2219 R
1708 2185 1791 2220 ov
1812 2186 1829 2218 1
1850 2184 1891 2218 N
1908 2186 1938 2220 c
1957 2187 1974 2218 1
1994 2187 2053 2220 A·

458 2254 605 2290 RuM
639 2251 757 2289 tunc
795 2241 969 2289 SALu
986 2250 1127 2287 ΤΕΜ
1162 2239 1335 2287 PuBL
1355 2254 1373 2285 1
1397 2249 1538 2285 CAM
1571 2234 1673 2284 fere
1697 2235 1923 2299 perdidit.
1974 2235 2053 2289 Ut

457 2308 595 2354 enim
609 2316 721 2353 ante
733 2304 922 2366 aliquot
937 2303 1098 2352 saecula
1112 2301 1287 2352 divisus
1299 2301 1357 2350 ad
1370 2300 1666 2365 principium
1680 2299 1779 2361 agri
1791 2299 1950 2349 Batavi
1975 2313 2054 2348 ve-

459 2370 549 2418 luti
561 2370 613 2419 in
625 2368 749 2417 duos
769 2382 938 2416 amnes
949 2367 1178 2421 Rhenus,
1213 2381 1309 2429 qua
1332 2367 1614 2415 Arenacum
1629 2398 1643 2420 ,
1678 2363 1869 2413 Vadam
1883 2398 1897 2419 ‚
1932 2365 2054 2412 Tra-

459 2433 655 2494 jee'tum
681 2432 843 2482 Castra
856 2431 1137 2486 Albiniana‚
1153 2433 1202 2479 &
1213 2430 1511 2494 Lugdunum
1525 2427 1826 2485 praevehitur,
1839 2441 2053 2477 omnem

458 2499 597 2545 traxit
610 2511 845 2559 aquarum
858 2496 1076 2546 molem3
1116 2495 1165 2542 ὅ(
1191 2508 1287 2557 qua
1313 2494 1469 2558 ripam
1490 2491 1734 2540 Gallicam
1761 2490 1957 2540 Vahalis
1972 2506 2051 2540 -ra-

457 2561 531 2609 dit
545 2596 559 2616 ‚
595 2562 706 2608 licet
724 2560 866 2608 latior
880 2594 892 2615 ,
926 2559 1164 2621 placidior
1177 2557 1311 2606 fluxit
1325 2571 1493 2606 tamen
1509 2573 1522 2609 3
1561 2556 1625 2604 ita
1641 2569 1774 2603 nunc
1791 2554 1933 2616 hujus
1946 2556 2050 2603 vio—

459 2625 608 2694 lentia
620 2623 846 2684 formido
860 2624 909 2672 δε
921 2623 1099 2673 horror
1111 2622 1388 2687 accolarum
1402 2620 1467 2672 est
1478 2619 1595 2672 curs
1587 2620 1735 2683 uique
1749 2614 2055 2689 rapidiffimo

1975 2695 2055 2736 Vix
